%YAML 1.1
%TAG !u! tag:unity3d.com,2011:
--- !u!1 &921337441584284350
GameObject:
  m_ObjectHideFlags: 0
  m_CorrespondingSourceObject: {fileID: 0}
  m_PrefabInstance: {fileID: 0}
  m_PrefabAsset: {fileID: 0}
  serializedVersion: 6
  m_Component:
  - component: {fileID: 7952719664046224109}
  - component: {fileID: 7515687303281707405}
  - component: {fileID: 5816452827372211111}
  m_Layer: 0
  m_Name: Barrel_LOD2
  m_TagString: Untagged
  m_Icon: {fileID: 0}
  m_NavMeshLayer: 0
  m_StaticEditorFlags: 0
  m_IsActive: 1
--- !u!4 &7952719664046224109
Transform:
  m_ObjectHideFlags: 0
  m_CorrespondingSourceObject: {fileID: 0}
  m_PrefabInstance: {fileID: 0}
  m_PrefabAsset: {fileID: 0}
  m_GameObject: {fileID: 921337441584284350}
  m_LocalRotation: {x: -0.7071068, y: -0, z: -0, w: 0.7071068}
  m_LocalPosition: {x: 0, y: 0.09630251, z: 2.2800643}
  m_LocalScale: {x: 100, y: 100, z: 100}
  m_Children: []
  m_Father: {fileID: 7582551892770516488}
  m_RootOrder: 0
  m_LocalEulerAnglesHint: {x: 0, y: 0, z: 0}
--- !u!33 &7515687303281707405
MeshFilter:
  m_ObjectHideFlags: 0
  m_CorrespondingSourceObject: {fileID: 0}
  m_PrefabInstance: {fileID: 0}
  m_PrefabAsset: {fileID: 0}
  m_GameObject: {fileID: 921337441584284350}
  m_Mesh: {fileID: 4300000, guid: 2d8aedf422c26e240842385110c5c888, type: 2}
--- !u!23 &5816452827372211111
MeshRenderer:
  m_ObjectHideFlags: 0
  m_CorrespondingSourceObject: {fileID: 0}
  m_PrefabInstance: {fileID: 0}
  m_PrefabAsset: {fileID: 0}
  m_GameObject: {fileID: 921337441584284350}
  m_Enabled: 1
  m_CastShadows: 1
  m_ReceiveShadows: 1
  m_DynamicOccludee: 1
  m_StaticShadowCaster: 0
  m_MotionVectors: 1
  m_LightProbeUsage: 1
  m_ReflectionProbeUsage: 1
  m_RayTracingMode: 2
  m_RayTraceProcedural: 0
  m_RenderingLayerMask: 1
  m_RendererPriority: 0
  m_Materials:
  - {fileID: 2100000, guid: c9c833dc7b9b5194497e562603022e20, type: 2}
  m_StaticBatchInfo:
    firstSubMesh: 0
    subMeshCount: 0
  m_StaticBatchRoot: {fileID: 0}
  m_ProbeAnchor: {fileID: 0}
  m_LightProbeVolumeOverride: {fileID: 0}
  m_ScaleInLightmap: 1
  m_ReceiveGI: 1
  m_PreserveUVs: 0
  m_IgnoreNormalsForChartDetection: 0
  m_ImportantGI: 0
  m_StitchLightmapSeams: 1
  m_SelectedEditorRenderState: 3
  m_MinimumChartSize: 4
  m_AutoUVMaxDistance: 0.5
  m_AutoUVMaxAngle: 89
  m_LightmapParameters: {fileID: 0}
  m_SortingLayerID: 0
  m_SortingLayer: 0
  m_SortingOrder: 0
  m_AdditionalVertexStreams: {fileID: 0}
--- !u!1 &3335435751344032156
GameObject:
  m_ObjectHideFlags: 0
  m_CorrespondingSourceObject: {fileID: 0}
  m_PrefabInstance: {fileID: 0}
  m_PrefabAsset: {fileID: 0}
  serializedVersion: 6
  m_Component:
  - component: {fileID: 2411741570620724467}
  - component: {fileID: 6198197676200229767}
  - component: {fileID: 1250055458594282373}
  m_Layer: 0
  m_Name: Cube_1
  m_TagString: Untagged
  m_Icon: {fileID: 0}
  m_NavMeshLayer: 0
  m_StaticEditorFlags: 0
  m_IsActive: 1
--- !u!4 &2411741570620724467
Transform:
  m_ObjectHideFlags: 0
  m_CorrespondingSourceObject: {fileID: 0}
  m_PrefabInstance: {fileID: 0}
  m_PrefabAsset: {fileID: 0}
  m_GameObject: {fileID: 3335435751344032156}
  m_LocalRotation: {x: -0.0000003909704, y: -0.7071068, z: -0.7071068, w: 0.00000040978193}
  m_LocalPosition: {x: -0, y: -1.1069999, z: -0.26}
  m_LocalScale: {x: 120, y: 100, z: 100}
  m_Children: []
  m_Father: {fileID: 8727209606263941767}
  m_RootOrder: 2
  m_LocalEulerAnglesHint: {x: -90, y: 0, z: -180}
--- !u!33 &6198197676200229767
MeshFilter:
  m_ObjectHideFlags: 0
  m_CorrespondingSourceObject: {fileID: 0}
  m_PrefabInstance: {fileID: 0}
  m_PrefabAsset: {fileID: 0}
  m_GameObject: {fileID: 3335435751344032156}
  m_Mesh: {fileID: 4300000, guid: 9d5417c8ce754124ba4d909135cba49e, type: 2}
--- !u!23 &1250055458594282373
MeshRenderer:
  m_ObjectHideFlags: 0
  m_CorrespondingSourceObject: {fileID: 0}
  m_PrefabInstance: {fileID: 0}
  m_PrefabAsset: {fileID: 0}
  m_GameObject: {fileID: 3335435751344032156}
  m_Enabled: 1
  m_CastShadows: 1
  m_ReceiveShadows: 1
  m_DynamicOccludee: 1
  m_StaticShadowCaster: 0
  m_MotionVectors: 1
  m_LightProbeUsage: 1
  m_ReflectionProbeUsage: 1
  m_RayTracingMode: 2
  m_RayTraceProcedural: 0
  m_RenderingLayerMask: 1
  m_RendererPriority: 0
  m_Materials:
  - {fileID: 2100000, guid: c9c833dc7b9b5194497e562603022e20, type: 2}
  m_StaticBatchInfo:
    firstSubMesh: 0
    subMeshCount: 0
  m_StaticBatchRoot: {fileID: 0}
  m_ProbeAnchor: {fileID: 0}
  m_LightProbeVolumeOverride: {fileID: 0}
  m_ScaleInLightmap: 1
  m_ReceiveGI: 1
  m_PreserveUVs: 0
  m_IgnoreNormalsForChartDetection: 0
  m_ImportantGI: 0
  m_StitchLightmapSeams: 1
  m_SelectedEditorRenderState: 3
  m_MinimumChartSize: 4
  m_AutoUVMaxDistance: 0.5
  m_AutoUVMaxAngle: 89
  m_LightmapParameters: {fileID: 0}
  m_SortingLayerID: 0
  m_SortingLayer: 0
  m_SortingOrder: 0
  m_AdditionalVertexStreams: {fileID: 0}
--- !u!1 &5385837657062183500
GameObject:
  m_ObjectHideFlags: 0
  m_CorrespondingSourceObject: {fileID: 0}
  m_PrefabInstance: {fileID: 0}
  m_PrefabAsset: {fileID: 0}
  serializedVersion: 6
  m_Component:
  - component: {fileID: 8727209606263941767}
  - component: {fileID: 3613254144760347653}
  m_Layer: 0
  m_Name: W_Howt_3
  m_TagString: Untagged
  m_Icon: {fileID: 0}
  m_NavMeshLayer: 0
  m_StaticEditorFlags: 0
  m_IsActive: 1
--- !u!4 &8727209606263941767
Transform:
  m_ObjectHideFlags: 0
  m_CorrespondingSourceObject: {fileID: 0}
  m_PrefabInstance: {fileID: 0}
  m_PrefabAsset: {fileID: 0}
  m_GameObject: {fileID: 5385837657062183500}
  m_LocalRotation: {x: 0, y: 0, z: 0, w: 1}
  m_LocalPosition: {x: 0, y: 5.18, z: 0}
  m_LocalScale: {x: 1, y: 1, z: 1}
  m_Children:
  - {fileID: 7712926275539650190}
  - {fileID: 554893217183450380}
  - {fileID: 2411741570620724467}
  m_Father: {fileID: 0}
  m_RootOrder: 0
  m_LocalEulerAnglesHint: {x: 0, y: 0, z: 0}
--- !u!114 &3613254144760347653
MonoBehaviour:
  m_ObjectHideFlags: 0
  m_CorrespondingSourceObject: {fileID: 0}
  m_PrefabInstance: {fileID: 0}
  m_PrefabAsset: {fileID: 0}
  m_GameObject: {fileID: 5385837657062183500}
  m_Enabled: 1
  m_EditorHideFlags: 0
  m_Script: {fileID: 11500000, guid: aabe72cf59d707344b158a8a1ef79e0a, type: 3}
  m_Name: 
  m_EditorClassIdentifier: 
  weaponCtgry: 2
  weaponAmount: 0
  fireRateDelay: 2
  rotationLerp: 2
  accuracy: 0.9
  focusedAngle: 2
  bulletSpeedMultiply: 1
  rotationHorizontalClamp: {x: -180, y: 180}
  rotationVerticalClamp: {x: -12.148519, y: 71.39431}
  bulletSpawnTransform: {fileID: 3332288871025599678}
  directionHorizontalAim: {fileID: 7712926275539650190}
  directionVerticalAim: {fileID: 5567237036062473988}
  recoilTransform: {fileID: 7582551892770516488}
  recoilDistance: 0.5
  recoilDuration: 0.9
  bulletPrefab: {fileID: 690797730893267803, guid: 46dfe3217d0add8449a3bc70048dc22a,
    type: 3}
  angelIndicator: {fileID: 7006107048193866739}
  trajectoryLine: {fileID: 1170347442784169553}
  muzzleEffect:
  - {fileID: 2114317191969299107}
  - {fileID: 1438448616822622108}
  onFocused:
    m_PersistentCalls:
      m_Calls:
      - m_Target: {fileID: 5575652004275288195}
        m_TargetAssemblyTypeName: UnityEngine.GameObject, UnityEngine
        m_MethodName: SetActive
        m_Mode: 6
        m_Arguments:
          m_ObjectArgument: {fileID: 0}
          m_ObjectArgumentAssemblyTypeName: UnityEngine.Object, UnityEngine
          m_IntArgument: 0
          m_FloatArgument: 0
          m_StringArgument: 
          m_BoolArgument: 1
        m_CallState: 2
      - m_Target: {fileID: 0}
        m_TargetAssemblyTypeName: UnityEngine.GameObject, UnityEngine
        m_MethodName: SetActive
        m_Mode: 6
        m_Arguments:
          m_ObjectArgument: {fileID: 0}
          m_ObjectArgumentAssemblyTypeName: UnityEngine.Object, UnityEngine
          m_IntArgument: 0
          m_FloatArgument: 0
          m_StringArgument: 
          m_BoolArgument: 1
        m_CallState: 2
  onUnFocused:
    m_PersistentCalls:
      m_Calls:
      - m_Target: {fileID: 5575652004275288195}
        m_TargetAssemblyTypeName: UnityEngine.GameObject, UnityEngine
        m_MethodName: SetActive
        m_Mode: 6
        m_Arguments:
          m_ObjectArgument: {fileID: 0}
          m_ObjectArgumentAssemblyTypeName: UnityEngine.Object, UnityEngine
          m_IntArgument: 0
          m_FloatArgument: 0
          m_StringArgument: 
          m_BoolArgument: 0
        m_CallState: 2
      - m_Target: {fileID: 0}
        m_TargetAssemblyTypeName: UnityEngine.GameObject, UnityEngine
        m_MethodName: SetActive
        m_Mode: 6
        m_Arguments:
          m_ObjectArgument: {fileID: 0}
          m_ObjectArgumentAssemblyTypeName: UnityEngine.Object, UnityEngine
          m_IntArgument: 0
          m_FloatArgument: 0
          m_StringArgument: 
          m_BoolArgument: 0
        m_CallState: 2
--- !u!1 &5422443924248965506
GameObject:
  m_ObjectHideFlags: 0
  m_CorrespondingSourceObject: {fileID: 0}
  m_PrefabInstance: {fileID: 0}
  m_PrefabAsset: {fileID: 0}
  serializedVersion: 6
  m_Component:
  - component: {fileID: 3332288871025599678}
  m_Layer: 0
  m_Name: bulletSpawn
  m_TagString: Untagged
  m_Icon: {fileID: 0}
  m_NavMeshLayer: 0
  m_StaticEditorFlags: 0
  m_IsActive: 1
--- !u!4 &3332288871025599678
Transform:
  m_ObjectHideFlags: 0
  m_CorrespondingSourceObject: {fileID: 0}
  m_PrefabInstance: {fileID: 0}
  m_PrefabAsset: {fileID: 0}
  m_GameObject: {fileID: 5422443924248965506}
  m_LocalRotation: {x: -0, y: -0, z: -0, w: 1}
  m_LocalPosition: {x: 0, y: 0.2210002, z: 5.446}
  m_LocalScale: {x: 1, y: 1, z: 1}
  m_Children: []
  m_Father: {fileID: 5567237036062473988}
  m_RootOrder: 0
  m_LocalEulerAnglesHint: {x: 0, y: 0, z: 0}
--- !u!1 &5465610370961714472
GameObject:
  m_ObjectHideFlags: 0
  m_CorrespondingSourceObject: {fileID: 0}
  m_PrefabInstance: {fileID: 0}
  m_PrefabAsset: {fileID: 0}
  serializedVersion: 6
  m_Component:
  - component: {fileID: 885315311757006282}
  - component: {fileID: 6439995006834161464}
  - component: {fileID: 6269060659231601051}
  m_Layer: 0
  m_Name: Cube_2
  m_TagString: Untagged
  m_Icon: {fileID: 0}
  m_NavMeshLayer: 0
  m_StaticEditorFlags: 0
  m_IsActive: 1
--- !u!4 &885315311757006282
Transform:
  m_ObjectHideFlags: 0
  m_CorrespondingSourceObject: {fileID: 0}
  m_PrefabInstance: {fileID: 0}
  m_PrefabAsset: {fileID: 0}
  m_GameObject: {fileID: 5465610370961714472}
  m_LocalRotation: {x: -0.0000003909704, y: -0.7071068, z: -0.7071068, w: 0.00000040978193}
  m_LocalPosition: {x: 0, y: -0.184, z: -1.175}
  m_LocalScale: {x: 80, y: 69.97618, z: 86.642395}
  m_Children: []
  m_Father: {fileID: 7712926275539650190}
  m_RootOrder: 0
  m_LocalEulerAnglesHint: {x: -90, y: 0, z: -180}
--- !u!33 &6439995006834161464
MeshFilter:
  m_ObjectHideFlags: 0
  m_CorrespondingSourceObject: {fileID: 0}
  m_PrefabInstance: {fileID: 0}
  m_PrefabAsset: {fileID: 0}
  m_GameObject: {fileID: 5465610370961714472}
  m_Mesh: {fileID: 4300000, guid: 0067e99a642a9f547aa36dfafc74d460, type: 2}
--- !u!23 &6269060659231601051
MeshRenderer:
  m_ObjectHideFlags: 0
  m_CorrespondingSourceObject: {fileID: 0}
  m_PrefabInstance: {fileID: 0}
  m_PrefabAsset: {fileID: 0}
  m_GameObject: {fileID: 5465610370961714472}
  m_Enabled: 1
  m_CastShadows: 1
  m_ReceiveShadows: 1
  m_DynamicOccludee: 1
  m_StaticShadowCaster: 0
  m_MotionVectors: 1
  m_LightProbeUsage: 1
  m_ReflectionProbeUsage: 1
  m_RayTracingMode: 2
  m_RayTraceProcedural: 0
  m_RenderingLayerMask: 1
  m_RendererPriority: 0
  m_Materials:
  - {fileID: 2100000, guid: c9c833dc7b9b5194497e562603022e20, type: 2}
  m_StaticBatchInfo:
    firstSubMesh: 0
    subMeshCount: 0
  m_StaticBatchRoot: {fileID: 0}
  m_ProbeAnchor: {fileID: 0}
  m_LightProbeVolumeOverride: {fileID: 0}
  m_ScaleInLightmap: 1
  m_ReceiveGI: 1
  m_PreserveUVs: 0
  m_IgnoreNormalsForChartDetection: 0
  m_ImportantGI: 0
  m_StitchLightmapSeams: 1
  m_SelectedEditorRenderState: 3
  m_MinimumChartSize: 4
  m_AutoUVMaxDistance: 0.5
  m_AutoUVMaxAngle: 89
  m_LightmapParameters: {fileID: 0}
  m_SortingLayerID: 0
  m_SortingLayer: 0
  m_SortingOrder: 0
  m_AdditionalVertexStreams: {fileID: 0}
--- !u!1 &6228692598259335223
GameObject:
  m_ObjectHideFlags: 0
  m_CorrespondingSourceObject: {fileID: 0}
  m_PrefabInstance: {fileID: 0}
  m_PrefabAsset: {fileID: 0}
  serializedVersion: 6
  m_Component:
  - component: {fileID: 2166900278882039815}
  - component: {fileID: 8845799956184642726}
  - component: {fileID: 7138444922035908848}
  m_Layer: 0
  m_Name: Gun_LOD2
  m_TagString: Untagged
  m_Icon: {fileID: 0}
  m_NavMeshLayer: 0
  m_StaticEditorFlags: 0
  m_IsActive: 1
--- !u!4 &2166900278882039815
Transform:
  m_ObjectHideFlags: 0
  m_CorrespondingSourceObject: {fileID: 0}
  m_PrefabInstance: {fileID: 0}
  m_PrefabAsset: {fileID: 0}
  m_GameObject: {fileID: 6228692598259335223}
  m_LocalRotation: {x: -0.7071068, y: 0, z: 0, w: 0.7071068}
  m_LocalPosition: {x: 0, y: 0, z: 0}
  m_LocalScale: {x: 100, y: 100, z: 100}
  m_Children: []
  m_Father: {fileID: 5567237036062473988}
  m_RootOrder: 4
  m_LocalEulerAnglesHint: {x: -90, y: 0, z: 0}
--- !u!33 &8845799956184642726
MeshFilter:
  m_ObjectHideFlags: 0
  m_CorrespondingSourceObject: {fileID: 0}
  m_PrefabInstance: {fileID: 0}
  m_PrefabAsset: {fileID: 0}
  m_GameObject: {fileID: 6228692598259335223}
  m_Mesh: {fileID: 4300000, guid: 47670e3da90136a46b3eab28b35cdd47, type: 2}
--- !u!23 &7138444922035908848
MeshRenderer:
  m_ObjectHideFlags: 0
  m_CorrespondingSourceObject: {fileID: 0}
  m_PrefabInstance: {fileID: 0}
  m_PrefabAsset: {fileID: 0}
  m_GameObject: {fileID: 6228692598259335223}
  m_Enabled: 1
  m_CastShadows: 1
  m_ReceiveShadows: 1
  m_DynamicOccludee: 1
  m_StaticShadowCaster: 0
  m_MotionVectors: 1
  m_LightProbeUsage: 1
  m_ReflectionProbeUsage: 1
  m_RayTracingMode: 2
  m_RayTraceProcedural: 0
  m_RenderingLayerMask: 1
  m_RendererPriority: 0
  m_Materials:
  - {fileID: 2100000, guid: c9c833dc7b9b5194497e562603022e20, type: 2}
  m_StaticBatchInfo:
    firstSubMesh: 0
    subMeshCount: 0
  m_StaticBatchRoot: {fileID: 0}
  m_ProbeAnchor: {fileID: 0}
  m_LightProbeVolumeOverride: {fileID: 0}
  m_ScaleInLightmap: 1
  m_ReceiveGI: 1
  m_PreserveUVs: 0
  m_IgnoreNormalsForChartDetection: 0
  m_ImportantGI: 0
  m_StitchLightmapSeams: 1
  m_SelectedEditorRenderState: 3
  m_MinimumChartSize: 4
  m_AutoUVMaxDistance: 0.5
  m_AutoUVMaxAngle: 89
  m_LightmapParameters: {fileID: 0}
  m_SortingLayerID: 0
  m_SortingLayer: 0
  m_SortingOrder: 0
  m_AdditionalVertexStreams: {fileID: 0}
--- !u!1 &6936800030157446399
GameObject:
  m_ObjectHideFlags: 0
  m_CorrespondingSourceObject: {fileID: 0}
  m_PrefabInstance: {fileID: 0}
  m_PrefabAsset: {fileID: 0}
  serializedVersion: 6
  m_Component:
  - component: {fileID: 5567237036062473988}
  m_Layer: 0
  m_Name: aimVert
  m_TagString: Untagged
  m_Icon: {fileID: 0}
  m_NavMeshLayer: 0
  m_StaticEditorFlags: 0
  m_IsActive: 1
--- !u!4 &5567237036062473988
Transform:
  m_ObjectHideFlags: 0
  m_CorrespondingSourceObject: {fileID: 0}
  m_PrefabInstance: {fileID: 0}
  m_PrefabAsset: {fileID: 0}
  m_GameObject: {fileID: 6936800030157446399}
  m_LocalRotation: {x: 0, y: 0, z: 0, w: 1}
  m_LocalPosition: {x: 0, y: 0, z: 0}
  m_LocalScale: {x: 1, y: 1, z: 1}
  m_Children:
  - {fileID: 3332288871025599678}
  - {fileID: 5842116243121369261}
  - {fileID: 1438448616807416540}
  - {fileID: 2114317191955144675}
  - {fileID: 2166900278882039815}
  - {fileID: 7582551892770516488}
  m_Father: {fileID: 7712926275539650190}
  m_RootOrder: 1
  m_LocalEulerAnglesHint: {x: 0, y: 0, z: 0}
--- !u!1 &7445801280843951163
GameObject:
  m_ObjectHideFlags: 0
  m_CorrespondingSourceObject: {fileID: 0}
  m_PrefabInstance: {fileID: 0}
  m_PrefabAsset: {fileID: 0}
  serializedVersion: 6
  m_Component:
  - component: {fileID: 7582551892770516488}
  m_Layer: 0
  m_Name: scale1
  m_TagString: Untagged
  m_Icon: {fileID: 0}
  m_NavMeshLayer: 0
  m_StaticEditorFlags: 0
  m_IsActive: 1
--- !u!4 &7582551892770516488
Transform:
  m_ObjectHideFlags: 0
  m_CorrespondingSourceObject: {fileID: 0}
  m_PrefabInstance: {fileID: 0}
  m_PrefabAsset: {fileID: 0}
  m_GameObject: {fileID: 7445801280843951163}
  m_LocalRotation: {x: 0, y: 0, z: 0, w: 1}
  m_LocalPosition: {x: 0, y: 0, z: 0}
  m_LocalScale: {x: 1, y: 1, z: 1}
  m_Children:
  - {fileID: 7952719664046224109}
  m_Father: {fileID: 5567237036062473988}
  m_RootOrder: 5
  m_LocalEulerAnglesHint: {x: 0, y: 0, z: 0}
--- !u!1 &9192709127826609601
GameObject:
  m_ObjectHideFlags: 0
  m_CorrespondingSourceObject: {fileID: 0}
  m_PrefabInstance: {fileID: 0}
  m_PrefabAsset: {fileID: 0}
  serializedVersion: 6
  m_Component:
  - component: {fileID: 7712926275539650190}
  m_Layer: 0
  m_Name: aimHoriz
  m_TagString: Untagged
  m_Icon: {fileID: 0}
  m_NavMeshLayer: 0
  m_StaticEditorFlags: 0
  m_IsActive: 1
--- !u!4 &7712926275539650190
Transform:
  m_ObjectHideFlags: 0
  m_CorrespondingSourceObject: {fileID: 0}
  m_PrefabInstance: {fileID: 0}
  m_PrefabAsset: {fileID: 0}
  m_GameObject: {fileID: 9192709127826609601}
  m_LocalRotation: {x: 0, y: 0, z: 0, w: 1}
  m_LocalPosition: {x: 0, y: 0, z: 0}
  m_LocalScale: {x: 1, y: 1, z: 1}
  m_Children:
  - {fileID: 885315311757006282}
  - {fileID: 5567237036062473988}
  m_Father: {fileID: 8727209606263941767}
  m_RootOrder: 0
  m_LocalEulerAnglesHint: {x: 0, y: 0, z: 0}
--- !u!1001 &740183393441256119
PrefabInstance:
  m_ObjectHideFlags: 0
  serializedVersion: 2
  m_Modification:
    m_TransformParent: {fileID: 5567237036062473988}
    m_Modifications:
    - target: {fileID: 5410779965530733557, guid: 1b8c1b0c5a3a0ef4096f594aad224af5,
        type: 3}
      propertyPath: m_Name
      value: TrajectoryLaser
      objectReference: {fileID: 0}
    - target: {fileID: 6581717400779776538, guid: 1b8c1b0c5a3a0ef4096f594aad224af5,
        type: 3}
      propertyPath: m_RootOrder
      value: 1
      objectReference: {fileID: 0}
    - target: {fileID: 6581717400779776538, guid: 1b8c1b0c5a3a0ef4096f594aad224af5,
        type: 3}
      propertyPath: m_LocalPosition.x
      value: 0
      objectReference: {fileID: 0}
    - target: {fileID: 6581717400779776538, guid: 1b8c1b0c5a3a0ef4096f594aad224af5,
        type: 3}
      propertyPath: m_LocalPosition.y
      value: 0.2210002
      objectReference: {fileID: 0}
    - target: {fileID: 6581717400779776538, guid: 1b8c1b0c5a3a0ef4096f594aad224af5,
        type: 3}
      propertyPath: m_LocalPosition.z
      value: 0.71
      objectReference: {fileID: 0}
    - target: {fileID: 6581717400779776538, guid: 1b8c1b0c5a3a0ef4096f594aad224af5,
        type: 3}
      propertyPath: m_LocalRotation.w
      value: 1
      objectReference: {fileID: 0}
    - target: {fileID: 6581717400779776538, guid: 1b8c1b0c5a3a0ef4096f594aad224af5,
        type: 3}
      propertyPath: m_LocalRotation.x
      value: -0
      objectReference: {fileID: 0}
    - target: {fileID: 6581717400779776538, guid: 1b8c1b0c5a3a0ef4096f594aad224af5,
        type: 3}
      propertyPath: m_LocalRotation.y
      value: -0
      objectReference: {fileID: 0}
    - target: {fileID: 6581717400779776538, guid: 1b8c1b0c5a3a0ef4096f594aad224af5,
        type: 3}
      propertyPath: m_LocalRotation.z
      value: -0
      objectReference: {fileID: 0}
    - target: {fileID: 6581717400779776538, guid: 1b8c1b0c5a3a0ef4096f594aad224af5,
        type: 3}
      propertyPath: m_LocalEulerAnglesHint.x
      value: 0
      objectReference: {fileID: 0}
    - target: {fileID: 6581717400779776538, guid: 1b8c1b0c5a3a0ef4096f594aad224af5,
        type: 3}
      propertyPath: m_LocalEulerAnglesHint.y
      value: 0
      objectReference: {fileID: 0}
    - target: {fileID: 6581717400779776538, guid: 1b8c1b0c5a3a0ef4096f594aad224af5,
        type: 3}
      propertyPath: m_LocalEulerAnglesHint.z
      value: 0
      objectReference: {fileID: 0}
    m_RemovedComponents: []
  m_SourcePrefab: {fileID: 100100000, guid: 1b8c1b0c5a3a0ef4096f594aad224af5, type: 3}
--- !u!120 &1170347442784169553 stripped
LineRenderer:
  m_CorrespondingSourceObject: {fileID: 1907344894894701798, guid: 1b8c1b0c5a3a0ef4096f594aad224af5,
    type: 3}
  m_PrefabInstance: {fileID: 740183393441256119}
  m_PrefabAsset: {fileID: 0}
--- !u!4 &5842116243121369261 stripped
Transform:
  m_CorrespondingSourceObject: {fileID: 6581717400779776538, guid: 1b8c1b0c5a3a0ef4096f594aad224af5,
    type: 3}
  m_PrefabInstance: {fileID: 740183393441256119}
  m_PrefabAsset: {fileID: 0}
--- !u!1001 &1438448616807290972
PrefabInstance:
  m_ObjectHideFlags: 0
  serializedVersion: 2
  m_Modification:
    m_TransformParent: {fileID: 5567237036062473988}
    m_Modifications:
    - target: {fileID: 100000, guid: 8eaaa4f553116f44b8459bc24201c514, type: 3}
      propertyPath: m_Name
      value: WFX_MF FPS RIFLE3
      objectReference: {fileID: 0}
    - target: {fileID: 400000, guid: 8eaaa4f553116f44b8459bc24201c514, type: 3}
      propertyPath: m_RootOrder
      value: 2
      objectReference: {fileID: 0}
    - target: {fileID: 400000, guid: 8eaaa4f553116f44b8459bc24201c514, type: 3}
      propertyPath: m_LocalScale.x
      value: 3
      objectReference: {fileID: 0}
    - target: {fileID: 400000, guid: 8eaaa4f553116f44b8459bc24201c514, type: 3}
      propertyPath: m_LocalScale.y
      value: 3
      objectReference: {fileID: 0}
    - target: {fileID: 400000, guid: 8eaaa4f553116f44b8459bc24201c514, type: 3}
      propertyPath: m_LocalScale.z
      value: 3.2444
      objectReference: {fileID: 0}
    - target: {fileID: 400000, guid: 8eaaa4f553116f44b8459bc24201c514, type: 3}
      propertyPath: m_LocalPosition.x
      value: 0
      objectReference: {fileID: 0}
    - target: {fileID: 400000, guid: 8eaaa4f553116f44b8459bc24201c514, type: 3}
      propertyPath: m_LocalPosition.y
      value: 0.2210002
      objectReference: {fileID: 0}
    - target: {fileID: 400000, guid: 8eaaa4f553116f44b8459bc24201c514, type: 3}
      propertyPath: m_LocalPosition.z
      value: 4.8050003
      objectReference: {fileID: 0}
    - target: {fileID: 400000, guid: 8eaaa4f553116f44b8459bc24201c514, type: 3}
      propertyPath: m_LocalRotation.w
      value: 0
      objectReference: {fileID: 0}
    - target: {fileID: 400000, guid: 8eaaa4f553116f44b8459bc24201c514, type: 3}
      propertyPath: m_LocalRotation.x
      value: -0
      objectReference: {fileID: 0}
    - target: {fileID: 400000, guid: 8eaaa4f553116f44b8459bc24201c514, type: 3}
      propertyPath: m_LocalRotation.y
      value: 1
      objectReference: {fileID: 0}
    - target: {fileID: 400000, guid: 8eaaa4f553116f44b8459bc24201c514, type: 3}
      propertyPath: m_LocalRotation.z
      value: -0
      objectReference: {fileID: 0}
    - target: {fileID: 400000, guid: 8eaaa4f553116f44b8459bc24201c514, type: 3}
      propertyPath: m_LocalEulerAnglesHint.x
      value: 0
      objectReference: {fileID: 0}
    - target: {fileID: 400000, guid: 8eaaa4f553116f44b8459bc24201c514, type: 3}
      propertyPath: m_LocalEulerAnglesHint.y
      value: 180
      objectReference: {fileID: 0}
    - target: {fileID: 400000, guid: 8eaaa4f553116f44b8459bc24201c514, type: 3}
      propertyPath: m_LocalEulerAnglesHint.z
      value: 0
      objectReference: {fileID: 0}
    - target: {fileID: 11400002, guid: 8eaaa4f553116f44b8459bc24201c514, type: 3}
      propertyPath: m_Enabled
      value: 0
      objectReference: {fileID: 0}
    - target: {fileID: 19800000, guid: 8eaaa4f553116f44b8459bc24201c514, type: 3}
      propertyPath: lengthInSec
      value: 0.2
      objectReference: {fileID: 0}
    - target: {fileID: 19800002, guid: 8eaaa4f553116f44b8459bc24201c514, type: 3}
      propertyPath: lengthInSec
      value: 0.2
      objectReference: {fileID: 0}
    - target: {fileID: 19800004, guid: 8eaaa4f553116f44b8459bc24201c514, type: 3}
      propertyPath: lengthInSec
      value: 0.2
      objectReference: {fileID: 0}
    - target: {fileID: 19900000, guid: 8eaaa4f553116f44b8459bc24201c514, type: 3}
      propertyPath: m_Materials.Array.size
      value: 1
      objectReference: {fileID: 0}
    - target: {fileID: 19900002, guid: 8eaaa4f553116f44b8459bc24201c514, type: 3}
      propertyPath: m_Materials.Array.size
      value: 1
      objectReference: {fileID: 0}
    - target: {fileID: 19900004, guid: 8eaaa4f553116f44b8459bc24201c514, type: 3}
      propertyPath: m_Materials.Array.size
      value: 1
      objectReference: {fileID: 0}
    m_RemovedComponents: []
  m_SourcePrefab: {fileID: 100100000, guid: 8eaaa4f553116f44b8459bc24201c514, type: 3}
--- !u!198 &1438448616822622108 stripped
ParticleSystem:
  m_CorrespondingSourceObject: {fileID: 19800000, guid: 8eaaa4f553116f44b8459bc24201c514,
    type: 3}
  m_PrefabInstance: {fileID: 1438448616807290972}
  m_PrefabAsset: {fileID: 0}
--- !u!4 &1438448616807416540 stripped
Transform:
  m_CorrespondingSourceObject: {fileID: 400000, guid: 8eaaa4f553116f44b8459bc24201c514,
    type: 3}
  m_PrefabInstance: {fileID: 1438448616807290972}
  m_PrefabAsset: {fileID: 0}
--- !u!1001 &2114317191955006829
PrefabInstance:
  m_ObjectHideFlags: 0
  serializedVersion: 2
  m_Modification:
    m_TransformParent: {fileID: 5567237036062473988}
    m_Modifications:
    - target: {fileID: 100004, guid: 5332791ebce075d4a9e56f4581e7fb47, type: 3}
      propertyPath: m_IsActive
      value: 0
      objectReference: {fileID: 0}
    - target: {fileID: 100006, guid: 5332791ebce075d4a9e56f4581e7fb47, type: 3}
      propertyPath: m_IsActive
      value: 0
      objectReference: {fileID: 0}
    - target: {fileID: 100008, guid: 5332791ebce075d4a9e56f4581e7fb47, type: 3}
      propertyPath: m_IsActive
      value: 0
      objectReference: {fileID: 0}
    - target: {fileID: 100010, guid: 5332791ebce075d4a9e56f4581e7fb47, type: 3}
      propertyPath: m_IsActive
      value: 0
      objectReference: {fileID: 0}
    - target: {fileID: 100012, guid: 5332791ebce075d4a9e56f4581e7fb47, type: 3}
      propertyPath: m_IsActive
      value: 0
      objectReference: {fileID: 0}
    - target: {fileID: 100014, guid: 5332791ebce075d4a9e56f4581e7fb47, type: 3}
      propertyPath: m_Name
      value: WFX_Explosion Small
      objectReference: {fileID: 0}
    - target: {fileID: 400014, guid: 5332791ebce075d4a9e56f4581e7fb47, type: 3}
      propertyPath: m_RootOrder
      value: 3
      objectReference: {fileID: 0}
    - target: {fileID: 400014, guid: 5332791ebce075d4a9e56f4581e7fb47, type: 3}
      propertyPath: m_LocalPosition.x
      value: 0
      objectReference: {fileID: 0}
    - target: {fileID: 400014, guid: 5332791ebce075d4a9e56f4581e7fb47, type: 3}
      propertyPath: m_LocalPosition.y
      value: 0.2210002
      objectReference: {fileID: 0}
    - target: {fileID: 400014, guid: 5332791ebce075d4a9e56f4581e7fb47, type: 3}
      propertyPath: m_LocalPosition.z
      value: 5.4370003
      objectReference: {fileID: 0}
    - target: {fileID: 400014, guid: 5332791ebce075d4a9e56f4581e7fb47, type: 3}
      propertyPath: m_LocalRotation.w
      value: 1
      objectReference: {fileID: 0}
    - target: {fileID: 400014, guid: 5332791ebce075d4a9e56f4581e7fb47, type: 3}
      propertyPath: m_LocalRotation.x
      value: -0
      objectReference: {fileID: 0}
    - target: {fileID: 400014, guid: 5332791ebce075d4a9e56f4581e7fb47, type: 3}
      propertyPath: m_LocalRotation.y
      value: -0
      objectReference: {fileID: 0}
    - target: {fileID: 400014, guid: 5332791ebce075d4a9e56f4581e7fb47, type: 3}
      propertyPath: m_LocalRotation.z
      value: -0
      objectReference: {fileID: 0}
    - target: {fileID: 400014, guid: 5332791ebce075d4a9e56f4581e7fb47, type: 3}
      propertyPath: m_LocalEulerAnglesHint.x
      value: 0
      objectReference: {fileID: 0}
    - target: {fileID: 400014, guid: 5332791ebce075d4a9e56f4581e7fb47, type: 3}
      propertyPath: m_LocalEulerAnglesHint.y
      value: 0
      objectReference: {fileID: 0}
    - target: {fileID: 400014, guid: 5332791ebce075d4a9e56f4581e7fb47, type: 3}
      propertyPath: m_LocalEulerAnglesHint.z
      value: 0
      objectReference: {fileID: 0}
    - target: {fileID: 11400000, guid: 5332791ebce075d4a9e56f4581e7fb47, type: 3}
      propertyPath: m_Enabled
      value: 0
      objectReference: {fileID: 0}
    - target: {fileID: 19800000, guid: 5332791ebce075d4a9e56f4581e7fb47, type: 3}
      propertyPath: InitialModule.startSizeY.minMaxState
      value: 3
      objectReference: {fileID: 0}
    - target: {fileID: 19800000, guid: 5332791ebce075d4a9e56f4581e7fb47, type: 3}
      propertyPath: InitialModule.startSizeZ.minMaxState
      value: 3
      objectReference: {fileID: 0}
    - target: {fileID: 19800000, guid: 5332791ebce075d4a9e56f4581e7fb47, type: 3}
      propertyPath: InitialModule.startRotationX.minMaxState
      value: 3
      objectReference: {fileID: 0}
    - target: {fileID: 19800000, guid: 5332791ebce075d4a9e56f4581e7fb47, type: 3}
      propertyPath: InitialModule.startRotationY.minMaxState
      value: 3
      objectReference: {fileID: 0}
    - target: {fileID: 19800004, guid: 5332791ebce075d4a9e56f4581e7fb47, type: 3}
      propertyPath: InitialModule.startSizeY.minMaxState
      value: 3
      objectReference: {fileID: 0}
    - target: {fileID: 19800004, guid: 5332791ebce075d4a9e56f4581e7fb47, type: 3}
      propertyPath: InitialModule.startSizeZ.minMaxState
      value: 3
      objectReference: {fileID: 0}
    - target: {fileID: 19800012, guid: 5332791ebce075d4a9e56f4581e7fb47, type: 3}
      propertyPath: InitialModule.startSizeY.minMaxState
      value: 3
      objectReference: {fileID: 0}
    - target: {fileID: 19800012, guid: 5332791ebce075d4a9e56f4581e7fb47, type: 3}
      propertyPath: InitialModule.startSizeZ.minMaxState
      value: 3
      objectReference: {fileID: 0}
    - target: {fileID: 19800012, guid: 5332791ebce075d4a9e56f4581e7fb47, type: 3}
      propertyPath: InitialModule.startRotationX.minMaxState
      value: 3
      objectReference: {fileID: 0}
    - target: {fileID: 19800012, guid: 5332791ebce075d4a9e56f4581e7fb47, type: 3}
      propertyPath: InitialModule.startRotationY.minMaxState
      value: 3
      objectReference: {fileID: 0}
    - target: {fileID: 19900000, guid: 5332791ebce075d4a9e56f4581e7fb47, type: 3}
      propertyPath: m_Materials.Array.size
      value: 1
      objectReference: {fileID: 0}
    - target: {fileID: 19900002, guid: 5332791ebce075d4a9e56f4581e7fb47, type: 3}
      propertyPath: m_Materials.Array.size
      value: 1
      objectReference: {fileID: 0}
    - target: {fileID: 19900004, guid: 5332791ebce075d4a9e56f4581e7fb47, type: 3}
      propertyPath: m_Materials.Array.size
      value: 1
      objectReference: {fileID: 0}
    - target: {fileID: 19900006, guid: 5332791ebce075d4a9e56f4581e7fb47, type: 3}
      propertyPath: m_Materials.Array.size
      value: 1
      objectReference: {fileID: 0}
    - target: {fileID: 19900008, guid: 5332791ebce075d4a9e56f4581e7fb47, type: 3}
      propertyPath: m_Materials.Array.size
      value: 1
      objectReference: {fileID: 0}
    - target: {fileID: 19900010, guid: 5332791ebce075d4a9e56f4581e7fb47, type: 3}
      propertyPath: m_Materials.Array.size
      value: 1
      objectReference: {fileID: 0}
    - target: {fileID: 19900012, guid: 5332791ebce075d4a9e56f4581e7fb47, type: 3}
      propertyPath: m_Materials.Array.size
      value: 1
      objectReference: {fileID: 0}
    - target: {fileID: 19900014, guid: 5332791ebce075d4a9e56f4581e7fb47, type: 3}
      propertyPath: m_Materials.Array.size
      value: 1
      objectReference: {fileID: 0}
    - target: {fileID: 19900016, guid: 5332791ebce075d4a9e56f4581e7fb47, type: 3}
      propertyPath: m_Materials.Array.size
      value: 1
      objectReference: {fileID: 0}
    m_RemovedComponents: []
  m_SourcePrefab: {fileID: 100100000, guid: 5332791ebce075d4a9e56f4581e7fb47, type: 3}
--- !u!198 &2114317191969299107 stripped
ParticleSystem:
  m_CorrespondingSourceObject: {fileID: 19800014, guid: 5332791ebce075d4a9e56f4581e7fb47,
    type: 3}
  m_PrefabInstance: {fileID: 2114317191955006829}
  m_PrefabAsset: {fileID: 0}
--- !u!4 &2114317191955144675 stripped
Transform:
  m_CorrespondingSourceObject: {fileID: 400014, guid: 5332791ebce075d4a9e56f4581e7fb47,
    type: 3}
  m_PrefabInstance: {fileID: 2114317191955006829}
  m_PrefabAsset: {fileID: 0}
--- !u!1001 &7698577338157628182
PrefabInstance:
  m_ObjectHideFlags: 0
  serializedVersion: 2
  m_Modification:
    m_TransformParent: {fileID: 8727209606263941767}
    m_Modifications:
    - target: {fileID: 2861587554485142421, guid: f429b97605c9d62468289b930e3f94a8,
        type: 3}
      propertyPath: m_Name
      value: AngleIndicator
      objectReference: {fileID: 0}
    - target: {fileID: 7882908192026377754, guid: f429b97605c9d62468289b930e3f94a8,
        type: 3}
      propertyPath: m_RootOrder
      value: 1
      objectReference: {fileID: 0}
    - target: {fileID: 7882908192026377754, guid: f429b97605c9d62468289b930e3f94a8,
        type: 3}
      propertyPath: m_LocalPosition.x
      value: 0
      objectReference: {fileID: 0}
    - target: {fileID: 7882908192026377754, guid: f429b97605c9d62468289b930e3f94a8,
        type: 3}
      propertyPath: m_LocalPosition.y
      value: 0.221
      objectReference: {fileID: 0}
    - target: {fileID: 7882908192026377754, guid: f429b97605c9d62468289b930e3f94a8,
        type: 3}
      propertyPath: m_LocalPosition.z
      value: 0.71
      objectReference: {fileID: 0}
    - target: {fileID: 7882908192026377754, guid: f429b97605c9d62468289b930e3f94a8,
        type: 3}
      propertyPath: m_LocalRotation.w
      value: 0.70710653
      objectReference: {fileID: 0}
    - target: {fileID: 7882908192026377754, guid: f429b97605c9d62468289b930e3f94a8,
        type: 3}
      propertyPath: m_LocalRotation.x
      value: -0.70710707
      objectReference: {fileID: 0}
    - target: {fileID: 7882908192026377754, guid: f429b97605c9d62468289b930e3f94a8,
        type: 3}
      propertyPath: m_LocalRotation.y
      value: -0
      objectReference: {fileID: 0}
    - target: {fileID: 7882908192026377754, guid: f429b97605c9d62468289b930e3f94a8,
        type: 3}
      propertyPath: m_LocalRotation.z
      value: -0
      objectReference: {fileID: 0}
    - target: {fileID: 7882908192026377754, guid: f429b97605c9d62468289b930e3f94a8,
        type: 3}
      propertyPath: m_LocalEulerAnglesHint.x
      value: 0
      objectReference: {fileID: 0}
    - target: {fileID: 7882908192026377754, guid: f429b97605c9d62468289b930e3f94a8,
        type: 3}
      propertyPath: m_LocalEulerAnglesHint.y
      value: 0
      objectReference: {fileID: 0}
    - target: {fileID: 7882908192026377754, guid: f429b97605c9d62468289b930e3f94a8,
        type: 3}
      propertyPath: m_LocalEulerAnglesHint.z
      value: 0
      objectReference: {fileID: 0}
    m_RemovedComponents: []
  m_SourcePrefab: {fileID: 100100000, guid: f429b97605c9d62468289b930e3f94a8, type: 3}
--- !u!1 &5575652004275288195 stripped
GameObject:
  m_CorrespondingSourceObject: {fileID: 2861587554485142421, guid: f429b97605c9d62468289b930e3f94a8,
    type: 3}
  m_PrefabInstance: {fileID: 7698577338157628182}
  m_PrefabAsset: {fileID: 0}
--- !u!4 &554893217183450380 stripped
Transform:
  m_CorrespondingSourceObject: {fileID: 7882908192026377754, guid: f429b97605c9d62468289b930e3f94a8,
    type: 3}
  m_PrefabInstance: {fileID: 7698577338157628182}
  m_PrefabAsset: {fileID: 0}
--- !u!23 &7006107048193866739 stripped
MeshRenderer:
  m_CorrespondingSourceObject: {fileID: 859174265867813093, guid: f429b97605c9d62468289b930e3f94a8,
    type: 3}
  m_PrefabInstance: {fileID: 7698577338157628182}
  m_PrefabAsset: {fileID: 0}
