%YAML 1.1
%TAG !u! tag:unity3d.com,2011:
--- !u!1 &2888453904214420572
GameObject:
  m_ObjectHideFlags: 0
  m_CorrespondingSourceObject: {fileID: 0}
  m_PrefabInstance: {fileID: 0}
  m_PrefabAsset: {fileID: 0}
  serializedVersion: 6
  m_Component:
  - component: {fileID: 5719302594763118542}
  m_Layer: 6
  m_Name: trail
  m_TagString: Untagged
  m_Icon: {fileID: 0}
  m_NavMeshLayer: 0
  m_StaticEditorFlags: 0
  m_IsActive: 1
--- !u!4 &5719302594763118542
Transform:
  m_ObjectHideFlags: 0
  m_CorrespondingSourceObject: {fileID: 0}
  m_PrefabInstance: {fileID: 0}
  m_PrefabAsset: {fileID: 0}
  m_GameObject: {fileID: 2888453904214420572}
  m_LocalRotation: {x: 0, y: 0, z: 0, w: 1}
  m_LocalPosition: {x: 0, y: 0, z: 0}
  m_LocalScale: {x: 1, y: 1, z: 1}
  m_Children: []
  m_Father: {fileID: 1260983802720063738}
  m_RootOrder: 0
  m_LocalEulerAnglesHint: {x: 0, y: 0, z: 0}
--- !u!1 &3419850694412305107
GameObject:
  m_ObjectHideFlags: 0
  m_CorrespondingSourceObject: {fileID: 0}
  m_PrefabInstance: {fileID: 0}
  m_PrefabAsset: {fileID: 0}
  serializedVersion: 6
  m_Component:
  - component: {fileID: 4312204395553624504}
  m_Layer: 6
  m_Name: expPoint
  m_TagString: Untagged
  m_Icon: {fileID: 0}
  m_NavMeshLayer: 0
  m_StaticEditorFlags: 0
  m_IsActive: 1
--- !u!4 &4312204395553624504
Transform:
  m_ObjectHideFlags: 0
  m_CorrespondingSourceObject: {fileID: 0}
  m_PrefabInstance: {fileID: 0}
  m_PrefabAsset: {fileID: 0}
  m_GameObject: {fileID: 3419850694412305107}
  m_LocalRotation: {x: 0, y: 0, z: 0, w: 1}
  m_LocalPosition: {x: 0, y: 0, z: -1.322}
  m_LocalScale: {x: 1, y: 1, z: 1}
  m_Children: []
  m_Father: {fileID: 1260983802720063738}
  m_RootOrder: 1
  m_LocalEulerAnglesHint: {x: 0, y: 0, z: 0}
--- !u!1 &5666839063810130438
GameObject:
  m_ObjectHideFlags: 0
  m_CorrespondingSourceObject: {fileID: 0}
  m_PrefabInstance: {fileID: 0}
  m_PrefabAsset: {fileID: 0}
  serializedVersion: 6
  m_Component:
  - component: {fileID: 1260983802720063738}
  - component: {fileID: 690797730893267803}
  - component: {fileID: 8249625737693333903}
  - component: {fileID: -6311426036385478678}
  m_Layer: 6
  m_Name: B_AA_1
  m_TagString: Untagged
  m_Icon: {fileID: 0}
  m_NavMeshLayer: 0
  m_StaticEditorFlags: 0
  m_IsActive: 1
--- !u!4 &1260983802720063738
Transform:
  m_ObjectHideFlags: 0
  m_CorrespondingSourceObject: {fileID: 0}
  m_PrefabInstance: {fileID: 0}
  m_PrefabAsset: {fileID: 0}
  m_GameObject: {fileID: 5666839063810130438}
  m_LocalRotation: {x: 0, y: 0, z: 0, w: 1}
  m_LocalPosition: {x: 0, y: 0, z: 0}
  m_LocalScale: {x: 1, y: 1, z: 1}
  m_Children:
  - {fileID: 5719302594763118542}
  - {fileID: 4312204395553624504}
  - {fileID: 7529638699472405892}
  m_Father: {fileID: 0}
  m_RootOrder: 0
  m_LocalEulerAnglesHint: {x: 0, y: 0, z: 0}
--- !u!114 &690797730893267803
MonoBehaviour:
  m_ObjectHideFlags: 0
  m_CorrespondingSourceObject: {fileID: 0}
  m_PrefabInstance: {fileID: 0}
  m_PrefabAsset: {fileID: 0}
  m_GameObject: {fileID: 5666839063810130438}
  m_Enabled: 1
  m_EditorHideFlags: 0
  m_Script: {fileID: 11500000, guid: 0e9fc6f4ce65aa04d9f6a67f4caeb7f0, type: 3}
  m_Name: 
  m_EditorClassIdentifier: 
  serializationData:
    SerializedFormat: 0
    SerializedBytes: 
    ReferencedUnityObjects: []
    SerializedBytesString: 
    Prefab: {fileID: 0}
    PrefabModificationsReferencedUnityObjects: []
    PrefabModifications: []
    SerializationNodes: []
  body: {fileID: -6311426036385478678}
  explosionPoint: {fileID: 4312204395553624504}
  damage: 1
  bulletSpeed: 250
  areaDamageRadius: 0
  activateColliderDelay: 0.1
  autoDestroyDelay: 4
  explosionParticle: {fileID: 198646185322148966, guid: 22429e62552901f4d94bca4295a9886a,
    type: 3}
  onHit:
    m_PersistentCalls:
      m_Calls: []
--- !u!65 &8249625737693333903
BoxCollider:
  m_ObjectHideFlags: 0
  m_CorrespondingSourceObject: {fileID: 0}
  m_PrefabInstance: {fileID: 0}
  m_PrefabAsset: {fileID: 0}
  m_GameObject: {fileID: 5666839063810130438}
  m_Material: {fileID: 0}
  m_IsTrigger: 0
  m_Enabled: 1
  serializedVersion: 2
  m_Size: {x: 0.22, y: 0.22, z: 0.37}
  m_Center: {x: 0, y: 0, z: 0}
--- !u!54 &-6311426036385478678
Rigidbody:
  m_ObjectHideFlags: 0
  m_CorrespondingSourceObject: {fileID: 0}
  m_PrefabInstance: {fileID: 0}
  m_PrefabAsset: {fileID: 0}
  m_GameObject: {fileID: 5666839063810130438}
  serializedVersion: 2
  m_Mass: 1
  m_Drag: 0
  m_AngularDrag: 0.05
  m_UseGravity: 1
  m_IsKinematic: 0
  m_Interpolate: 0
  m_Constraints: 96
  m_CollisionDetection: 1
--- !u!1001 &7525081647096467698
PrefabInstance:
  m_ObjectHideFlags: 0
  serializedVersion: 2
  m_Modification:
    m_TransformParent: {fileID: 1260983802720063738}
    m_Modifications:
    - target: {fileID: 1467553209736476, guid: 5e58dcb6af1538f4d853813842f05461, type: 3}
      propertyPath: m_Layer
      value: 6
      objectReference: {fileID: 0}
    - target: {fileID: 1467553209736476, guid: 5e58dcb6af1538f4d853813842f05461, type: 3}
      propertyPath: m_IsActive
      value: 0
      objectReference: {fileID: 0}
    - target: {fileID: 1563182032946696, guid: 5e58dcb6af1538f4d853813842f05461, type: 3}
      propertyPath: m_Layer
      value: 6
      objectReference: {fileID: 0}
    - target: {fileID: 1796749963149706, guid: 5e58dcb6af1538f4d853813842f05461, type: 3}
      propertyPath: m_Name
      value: Bullet_GoldFire_Big_ProjectileAir
      objectReference: {fileID: 0}
    - target: {fileID: 1796749963149706, guid: 5e58dcb6af1538f4d853813842f05461, type: 3}
      propertyPath: m_Layer
      value: 6
      objectReference: {fileID: 0}
    - target: {fileID: 1924905033165216, guid: 5e58dcb6af1538f4d853813842f05461, type: 3}
      propertyPath: m_Layer
      value: 6
      objectReference: {fileID: 0}
    - target: {fileID: 4463432083314552, guid: 5e58dcb6af1538f4d853813842f05461, type: 3}
      propertyPath: m_LocalPosition.z
      value: 0
      objectReference: {fileID: 0}
    - target: {fileID: 4463432083314552, guid: 5e58dcb6af1538f4d853813842f05461, type: 3}
      propertyPath: m_LocalRotation.w
      value: 1
      objectReference: {fileID: 0}
    - target: {fileID: 4463432083314552, guid: 5e58dcb6af1538f4d853813842f05461, type: 3}
      propertyPath: m_LocalRotation.x
      value: 0
      objectReference: {fileID: 0}
    - target: {fileID: 4463432083314552, guid: 5e58dcb6af1538f4d853813842f05461, type: 3}
      propertyPath: m_LocalEulerAnglesHint.x
      value: 0
      objectReference: {fileID: 0}
    - target: {fileID: 4736024230581622, guid: 5e58dcb6af1538f4d853813842f05461, type: 3}
      propertyPath: m_RootOrder
      value: 2
      objectReference: {fileID: 0}
    - target: {fileID: 4736024230581622, guid: 5e58dcb6af1538f4d853813842f05461, type: 3}
      propertyPath: m_LocalScale.x
      value: 1
      objectReference: {fileID: 0}
    - target: {fileID: 4736024230581622, guid: 5e58dcb6af1538f4d853813842f05461, type: 3}
      propertyPath: m_LocalScale.y
      value: 1
      objectReference: {fileID: 0}
    - target: {fileID: 4736024230581622, guid: 5e58dcb6af1538f4d853813842f05461, type: 3}
      propertyPath: m_LocalScale.z
      value: 0.5
      objectReference: {fileID: 0}
    - target: {fileID: 4736024230581622, guid: 5e58dcb6af1538f4d853813842f05461, type: 3}
      propertyPath: m_LocalPosition.x
      value: 0
      objectReference: {fileID: 0}
    - target: {fileID: 4736024230581622, guid: 5e58dcb6af1538f4d853813842f05461, type: 3}
      propertyPath: m_LocalPosition.y
      value: 0
      objectReference: {fileID: 0}
    - target: {fileID: 4736024230581622, guid: 5e58dcb6af1538f4d853813842f05461, type: 3}
      propertyPath: m_LocalPosition.z
      value: -0.087
      objectReference: {fileID: 0}
    - target: {fileID: 4736024230581622, guid: 5e58dcb6af1538f4d853813842f05461, type: 3}
      propertyPath: m_LocalRotation.w
      value: 1
      objectReference: {fileID: 0}
    - target: {fileID: 4736024230581622, guid: 5e58dcb6af1538f4d853813842f05461, type: 3}
      propertyPath: m_LocalRotation.x
      value: 0
      objectReference: {fileID: 0}
    - target: {fileID: 4736024230581622, guid: 5e58dcb6af1538f4d853813842f05461, type: 3}
      propertyPath: m_LocalRotation.y
      value: 0
      objectReference: {fileID: 0}
    - target: {fileID: 4736024230581622, guid: 5e58dcb6af1538f4d853813842f05461, type: 3}
      propertyPath: m_LocalRotation.z
      value: 0
      objectReference: {fileID: 0}
    - target: {fileID: 4736024230581622, guid: 5e58dcb6af1538f4d853813842f05461, type: 3}
      propertyPath: m_LocalEulerAnglesHint.x
      value: 0
      objectReference: {fileID: 0}
    - target: {fileID: 4736024230581622, guid: 5e58dcb6af1538f4d853813842f05461, type: 3}
      propertyPath: m_LocalEulerAnglesHint.y
      value: 0
      objectReference: {fileID: 0}
    - target: {fileID: 4736024230581622, guid: 5e58dcb6af1538f4d853813842f05461, type: 3}
      propertyPath: m_LocalEulerAnglesHint.z
      value: 0
      objectReference: {fileID: 0}
    - target: {fileID: 198114610253404294, guid: 5e58dcb6af1538f4d853813842f05461,
        type: 3}
      propertyPath: prewarm
      value: 1
      objectReference: {fileID: 0}
    - target: {fileID: 198114610253404294, guid: 5e58dcb6af1538f4d853813842f05461,
        type: 3}
      propertyPath: startDelay.maxCurve.m_Curve.Array.data[0].value
      value: 0
      objectReference: {fileID: 0}
    - target: {fileID: 198114610253404294, guid: 5e58dcb6af1538f4d853813842f05461,
        type: 3}
      propertyPath: startDelay.maxCurve.m_Curve.Array.data[1].value
      value: 0
      objectReference: {fileID: 0}
    - target: {fileID: 199358154026892044, guid: 5e58dcb6af1538f4d853813842f05461,
        type: 3}
      propertyPath: m_Enabled
      value: 0
      objectReference: {fileID: 0}
    - target: {fileID: 199560987669873558, guid: 5e58dcb6af1538f4d853813842f05461,
        type: 3}
      propertyPath: m_RenderMode
      value: 0
      objectReference: {fileID: 0}
    m_RemovedComponents:
    - {fileID: 114409874962607200, guid: 5e58dcb6af1538f4d853813842f05461, type: 3}
    - {fileID: 54212628334827884, guid: 5e58dcb6af1538f4d853813842f05461, type: 3}
  m_SourcePrefab: {fileID: 100100000, guid: 5e58dcb6af1538f4d853813842f05461, type: 3}
--- !u!4 &7529638699472405892 stripped
Transform:
  m_CorrespondingSourceObject: {fileID: 4736024230581622, guid: 5e58dcb6af1538f4d853813842f05461,
    type: 3}
  m_PrefabInstance: {fileID: 7525081647096467698}
  m_PrefabAsset: {fileID: 0}
