%YAML 1.1
%TAG !u! tag:unity3d.com,2011:
--- !u!1 &2888453904214420572
GameObject:
  m_ObjectHideFlags: 0
  m_CorrespondingSourceObject: {fileID: 0}
  m_PrefabInstance: {fileID: 0}
  m_PrefabAsset: {fileID: 0}
  serializedVersion: 6
  m_Component:
  - component: {fileID: 5719302594763118542}
  - component: {fileID: 5266493117250359571}
  m_Layer: 6
  m_Name: trail
  m_TagString: Untagged
  m_Icon: {fileID: 0}
  m_NavMeshLayer: 0
  m_StaticEditorFlags: 0
  m_IsActive: 0
--- !u!4 &5719302594763118542
Transform:
  m_ObjectHideFlags: 0
  m_CorrespondingSourceObject: {fileID: 0}
  m_PrefabInstance: {fileID: 0}
  m_PrefabAsset: {fileID: 0}
  m_GameObject: {fileID: 2888453904214420572}
  m_LocalRotation: {x: 0, y: 0, z: 0, w: 1}
  m_LocalPosition: {x: 0, y: 0, z: 0}
  m_LocalScale: {x: 1, y: 1, z: 1}
  m_Children: []
  m_Father: {fileID: 1260983802720063738}
  m_RootOrder: 1
  m_LocalEulerAnglesHint: {x: 0, y: 0, z: 0}
--- !u!96 &5266493117250359571
TrailRenderer:
  serializedVersion: 2
  m_ObjectHideFlags: 0
  m_CorrespondingSourceObject: {fileID: 0}
  m_PrefabInstance: {fileID: 0}
  m_PrefabAsset: {fileID: 0}
  m_GameObject: {fileID: 2888453904214420572}
  m_Enabled: 1
  m_CastShadows: 1
  m_ReceiveShadows: 1
  m_DynamicOccludee: 1
  m_StaticShadowCaster: 0
  m_MotionVectors: 0
  m_LightProbeUsage: 0
  m_ReflectionProbeUsage: 0
  m_RayTracingMode: 0
  m_RayTraceProcedural: 0
  m_RenderingLayerMask: 1
  m_RendererPriority: 0
  m_Materials:
  - {fileID: 2100000, guid: c467dcb093888d34e8b18dda6e1d30b7, type: 2}
  m_StaticBatchInfo:
    firstSubMesh: 0
    subMeshCount: 0
  m_StaticBatchRoot: {fileID: 0}
  m_ProbeAnchor: {fileID: 0}
  m_LightProbeVolumeOverride: {fileID: 0}
  m_ScaleInLightmap: 1
  m_ReceiveGI: 1
  m_PreserveUVs: 0
  m_IgnoreNormalsForChartDetection: 0
  m_ImportantGI: 0
  m_StitchLightmapSeams: 1
  m_SelectedEditorRenderState: 3
  m_MinimumChartSize: 4
  m_AutoUVMaxDistance: 0.5
  m_AutoUVMaxAngle: 89
  m_LightmapParameters: {fileID: 0}
  m_SortingLayerID: 0
  m_SortingLayer: 0
  m_SortingOrder: 0
  m_Time: 0.5
  m_Parameters:
    serializedVersion: 3
    widthMultiplier: 0.3
    widthCurve:
      serializedVersion: 2
      m_Curve:
      - serializedVersion: 3
        time: 0
        value: 1
        inSlope: 0
        outSlope: 0
        tangentMode: 0
        weightedMode: 0
        inWeight: 0.33333334
        outWeight: 0.33333334
      - serializedVersion: 3
        time: 1
        value: 0
        inSlope: 0
        outSlope: 0
        tangentMode: 0
        weightedMode: 0
        inWeight: 0
        outWeight: 0
      m_PreInfinity: 2
      m_PostInfinity: 2
      m_RotationOrder: 4
    colorGradient:
      serializedVersion: 2
      key0: {r: 1, g: 0.63700384, b: 0.15686274, a: 1}
      key1: {r: 0.8833333, g: 0.21104279, b: 0.13750002, a: 0}
      key2: {r: 0.16037738, g: 0.16037738, b: 0.16037738, a: 0}
      key3: {r: 1, g: 1, b: 1, a: 0}
      key4: {r: 0, g: 0, b: 0, a: 0}
      key5: {r: 0, g: 0, b: 0, a: 0}
      key6: {r: 0, g: 0, b: 0, a: 0}
      key7: {r: 0, g: 0, b: 0, a: 0}
      ctime0: 0
      ctime1: 15420
      ctime2: 30840
      ctime3: 65535
      ctime4: 0
      ctime5: 0
      ctime6: 0
      ctime7: 0
      atime0: 0
      atime1: 65535
      atime2: 0
      atime3: 0
      atime4: 0
      atime5: 0
      atime6: 0
      atime7: 0
      m_Mode: 0
      m_NumColorKeys: 4
      m_NumAlphaKeys: 2
    numCornerVertices: 0
    numCapVertices: 0
    alignment: 0
    textureMode: 0
    shadowBias: 0.5
    generateLightingData: 0
  m_MinVertexDistance: 0.1
  m_Autodestruct: 0
  m_Emitting: 1
--- !u!1 &3419850694412305107
GameObject:
  m_ObjectHideFlags: 0
  m_CorrespondingSourceObject: {fileID: 0}
  m_PrefabInstance: {fileID: 0}
  m_PrefabAsset: {fileID: 0}
  serializedVersion: 6
  m_Component:
  - component: {fileID: 4312204395553624504}
  m_Layer: 6
  m_Name: expPoint
  m_TagString: Untagged
  m_Icon: {fileID: 0}
  m_NavMeshLayer: 0
  m_StaticEditorFlags: 0
  m_IsActive: 1
--- !u!4 &4312204395553624504
Transform:
  m_ObjectHideFlags: 0
  m_CorrespondingSourceObject: {fileID: 0}
  m_PrefabInstance: {fileID: 0}
  m_PrefabAsset: {fileID: 0}
  m_GameObject: {fileID: 3419850694412305107}
  m_LocalRotation: {x: 0, y: 0, z: 0, w: 1}
  m_LocalPosition: {x: 0, y: 0, z: -1.322}
  m_LocalScale: {x: 1, y: 1, z: 1}
  m_Children: []
  m_Father: {fileID: 1260983802720063738}
  m_RootOrder: 2
  m_LocalEulerAnglesHint: {x: 0, y: 0, z: 0}
--- !u!1 &5666839063810130438
GameObject:
  m_ObjectHideFlags: 0
  m_CorrespondingSourceObject: {fileID: 0}
  m_PrefabInstance: {fileID: 0}
  m_PrefabAsset: {fileID: 0}
  serializedVersion: 6
  m_Component:
  - component: {fileID: 1260983802720063738}
  - component: {fileID: 690797730893267803}
  - component: {fileID: 8249625737693333903}
  - component: {fileID: -6311426036385478678}
  m_Layer: 6
  m_Name: B_Howt_3
  m_TagString: Untagged
  m_Icon: {fileID: 0}
  m_NavMeshLayer: 0
  m_StaticEditorFlags: 0
  m_IsActive: 1
--- !u!4 &1260983802720063738
Transform:
  m_ObjectHideFlags: 0
  m_CorrespondingSourceObject: {fileID: 0}
  m_PrefabInstance: {fileID: 0}
  m_PrefabAsset: {fileID: 0}
  m_GameObject: {fileID: 5666839063810130438}
  m_LocalRotation: {x: 0, y: 0, z: 0, w: 1}
  m_LocalPosition: {x: 0, y: 0, z: 0}
  m_LocalScale: {x: 1, y: 1, z: 1}
  m_Children:
  - {fileID: 6193703397334193351}
  - {fileID: 5719302594763118542}
  - {fileID: 4312204395553624504}
  - {fileID: 7529638699472405892}
  m_Father: {fileID: 0}
  m_RootOrder: 0
  m_LocalEulerAnglesHint: {x: 0, y: 0, z: 0}
--- !u!114 &690797730893267803
MonoBehaviour:
  m_ObjectHideFlags: 0
  m_CorrespondingSourceObject: {fileID: 0}
  m_PrefabInstance: {fileID: 0}
  m_PrefabAsset: {fileID: 0}
  m_GameObject: {fileID: 5666839063810130438}
  m_Enabled: 1
  m_EditorHideFlags: 0
  m_Script: {fileID: 11500000, guid: 0e9fc6f4ce65aa04d9f6a67f4caeb7f0, type: 3}
  m_Name: 
  m_EditorClassIdentifier: 
  serializationData:
    SerializedFormat: 0
    SerializedBytes: 
    ReferencedUnityObjects: []
    SerializedBytesString: 
    Prefab: {fileID: 0}
    PrefabModificationsReferencedUnityObjects: []
    PrefabModifications: []
    SerializationNodes: []
  body: {fileID: -6311426036385478678}
  explosionPoint: {fileID: 4312204395553624504}
  damage: 50
  bulletSpeed: 120
  areaDamageRadius: 10
  activateColliderDelay: 0.1
  autoDestroyDelay: 4
  explosionParticle: {fileID: 198937050408870126, guid: c243cb1f5cc061b40ae8ee4aa8f0e62f,
    type: 3}
  onHit:
    m_PersistentCalls:
      m_Calls: []
--- !u!65 &8249625737693333903
BoxCollider:
  m_ObjectHideFlags: 0
  m_CorrespondingSourceObject: {fileID: 0}
  m_PrefabInstance: {fileID: 0}
  m_PrefabAsset: {fileID: 0}
  m_GameObject: {fileID: 5666839063810130438}
  m_Material: {fileID: 0}
  m_IsTrigger: 0
  m_Enabled: 1
  serializedVersion: 2
  m_Size: {x: 0.22, y: 0.22, z: 0.37}
  m_Center: {x: 0, y: 0, z: 0}
--- !u!54 &-6311426036385478678
Rigidbody:
  m_ObjectHideFlags: 0
  m_CorrespondingSourceObject: {fileID: 0}
  m_PrefabInstance: {fileID: 0}
  m_PrefabAsset: {fileID: 0}
  m_GameObject: {fileID: 5666839063810130438}
  serializedVersion: 2
  m_Mass: 1
  m_Drag: 0
  m_AngularDrag: 0.05
  m_UseGravity: 1
  m_IsKinematic: 0
  m_Interpolate: 0
  m_Constraints: 96
  m_CollisionDetection: 1
--- !u!1001 &5944414034907460396
PrefabInstance:
  m_ObjectHideFlags: 0
  serializedVersion: 2
  m_Modification:
    m_TransformParent: {fileID: 1260983802720063738}
    m_Modifications:
    - target: {fileID: -8679921383154817045, guid: ab21b83aa724f9148881ed5ad7ffee82,
        type: 3}
      propertyPath: m_RootOrder
      value: 0
      objectReference: {fileID: 0}
    - target: {fileID: -8679921383154817045, guid: ab21b83aa724f9148881ed5ad7ffee82,
        type: 3}
      propertyPath: m_LocalScale.x
      value: 2.5
      objectReference: {fileID: 0}
    - target: {fileID: -8679921383154817045, guid: ab21b83aa724f9148881ed5ad7ffee82,
        type: 3}
      propertyPath: m_LocalScale.y
      value: 2
      objectReference: {fileID: 0}
    - target: {fileID: -8679921383154817045, guid: ab21b83aa724f9148881ed5ad7ffee82,
        type: 3}
      propertyPath: m_LocalScale.z
      value: 2.5
      objectReference: {fileID: 0}
    - target: {fileID: -8679921383154817045, guid: ab21b83aa724f9148881ed5ad7ffee82,
        type: 3}
      propertyPath: m_LocalPosition.x
      value: 0
      objectReference: {fileID: 0}
    - target: {fileID: -8679921383154817045, guid: ab21b83aa724f9148881ed5ad7ffee82,
        type: 3}
      propertyPath: m_LocalPosition.y
      value: 0
      objectReference: {fileID: 0}
    - target: {fileID: -8679921383154817045, guid: ab21b83aa724f9148881ed5ad7ffee82,
        type: 3}
      propertyPath: m_LocalPosition.z
      value: -0.272
      objectReference: {fileID: 0}
    - target: {fileID: -8679921383154817045, guid: ab21b83aa724f9148881ed5ad7ffee82,
        type: 3}
      propertyPath: m_LocalRotation.w
      value: 0.7071071
      objectReference: {fileID: 0}
    - target: {fileID: -8679921383154817045, guid: ab21b83aa724f9148881ed5ad7ffee82,
        type: 3}
      propertyPath: m_LocalRotation.x
      value: 0.7071065
      objectReference: {fileID: 0}
    - target: {fileID: -8679921383154817045, guid: ab21b83aa724f9148881ed5ad7ffee82,
        type: 3}
      propertyPath: m_LocalRotation.y
      value: -0
      objectReference: {fileID: 0}
    - target: {fileID: -8679921383154817045, guid: ab21b83aa724f9148881ed5ad7ffee82,
        type: 3}
      propertyPath: m_LocalRotation.z
      value: -0
      objectReference: {fileID: 0}
    - target: {fileID: -8679921383154817045, guid: ab21b83aa724f9148881ed5ad7ffee82,
        type: 3}
      propertyPath: m_LocalEulerAnglesHint.x
      value: 90
      objectReference: {fileID: 0}
    - target: {fileID: -8679921383154817045, guid: ab21b83aa724f9148881ed5ad7ffee82,
        type: 3}
      propertyPath: m_LocalEulerAnglesHint.y
      value: 0
      objectReference: {fileID: 0}
    - target: {fileID: -8679921383154817045, guid: ab21b83aa724f9148881ed5ad7ffee82,
        type: 3}
      propertyPath: m_LocalEulerAnglesHint.z
      value: 0
      objectReference: {fileID: 0}
    - target: {fileID: -7511558181221131132, guid: ab21b83aa724f9148881ed5ad7ffee82,
        type: 3}
      propertyPath: m_CastShadows
      value: 0
      objectReference: {fileID: 0}
    - target: {fileID: -7511558181221131132, guid: ab21b83aa724f9148881ed5ad7ffee82,
        type: 3}
      propertyPath: m_LightProbeUsage
      value: 0
      objectReference: {fileID: 0}
    - target: {fileID: -7511558181221131132, guid: ab21b83aa724f9148881ed5ad7ffee82,
        type: 3}
      propertyPath: m_ReflectionProbeUsage
      value: 0
      objectReference: {fileID: 0}
    - target: {fileID: -7511558181221131132, guid: ab21b83aa724f9148881ed5ad7ffee82,
        type: 3}
      propertyPath: m_Materials.Array.data[0]
      value: 
      objectReference: {fileID: 2100000, guid: b2d1a5630196141d8bcd341fd8184484, type: 2}
    - target: {fileID: -7511558181221131132, guid: ab21b83aa724f9148881ed5ad7ffee82,
        type: 3}
      propertyPath: m_Materials.Array.data[1]
      value: 
      objectReference: {fileID: 2100000, guid: 9510934289c2bc34eadcf9444503d688, type: 2}
    - target: {fileID: -7511558181221131132, guid: ab21b83aa724f9148881ed5ad7ffee82,
        type: 3}
      propertyPath: m_Materials.Array.data[2]
      value: 
      objectReference: {fileID: 2100000, guid: 9510934289c2bc34eadcf9444503d688, type: 2}
    - target: {fileID: -7511558181221131132, guid: ab21b83aa724f9148881ed5ad7ffee82,
        type: 3}
      propertyPath: m_Materials.Array.data[3]
      value: 
      objectReference: {fileID: 2100000, guid: 9510934289c2bc34eadcf9444503d688, type: 2}
    - target: {fileID: 919132149155446097, guid: ab21b83aa724f9148881ed5ad7ffee82,
        type: 3}
      propertyPath: m_Name
      value: bullet-01-p
      objectReference: {fileID: 0}
    - target: {fileID: 919132149155446097, guid: ab21b83aa724f9148881ed5ad7ffee82,
        type: 3}
      propertyPath: m_Layer
      value: 6
      objectReference: {fileID: 0}
    m_RemovedComponents: []
  m_SourcePrefab: {fileID: 100100000, guid: ab21b83aa724f9148881ed5ad7ffee82, type: 3}
--- !u!4 &6193703397334193351 stripped
Transform:
  m_CorrespondingSourceObject: {fileID: -8679921383154817045, guid: ab21b83aa724f9148881ed5ad7ffee82,
    type: 3}
  m_PrefabInstance: {fileID: 5944414034907460396}
  m_PrefabAsset: {fileID: 0}
--- !u!1001 &7525081647096467698
PrefabInstance:
  m_ObjectHideFlags: 0
  serializedVersion: 2
  m_Modification:
    m_TransformParent: {fileID: 1260983802720063738}
    m_Modifications:
    - target: {fileID: 1467553209736476, guid: 5e58dcb6af1538f4d853813842f05461, type: 3}
      propertyPath: m_Layer
      value: 6
      objectReference: {fileID: 0}
    - target: {fileID: 1467553209736476, guid: 5e58dcb6af1538f4d853813842f05461, type: 3}
      propertyPath: m_IsActive
      value: 0
      objectReference: {fileID: 0}
    - target: {fileID: 1563182032946696, guid: 5e58dcb6af1538f4d853813842f05461, type: 3}
      propertyPath: m_Layer
      value: 6
      objectReference: {fileID: 0}
    - target: {fileID: 1796749963149706, guid: 5e58dcb6af1538f4d853813842f05461, type: 3}
      propertyPath: m_Name
      value: Bullet_GoldFire_Big_ProjectileAir
      objectReference: {fileID: 0}
    - target: {fileID: 1796749963149706, guid: 5e58dcb6af1538f4d853813842f05461, type: 3}
      propertyPath: m_Layer
      value: 6
      objectReference: {fileID: 0}
    - target: {fileID: 1924905033165216, guid: 5e58dcb6af1538f4d853813842f05461, type: 3}
      propertyPath: m_Layer
      value: 6
      objectReference: {fileID: 0}
    - target: {fileID: 4463432083314552, guid: 5e58dcb6af1538f4d853813842f05461, type: 3}
      propertyPath: m_LocalPosition.z
      value: 0
      objectReference: {fileID: 0}
    - target: {fileID: 4463432083314552, guid: 5e58dcb6af1538f4d853813842f05461, type: 3}
      propertyPath: m_LocalRotation.w
      value: 1
      objectReference: {fileID: 0}
    - target: {fileID: 4463432083314552, guid: 5e58dcb6af1538f4d853813842f05461, type: 3}
      propertyPath: m_LocalRotation.x
      value: 0
      objectReference: {fileID: 0}
    - target: {fileID: 4463432083314552, guid: 5e58dcb6af1538f4d853813842f05461, type: 3}
      propertyPath: m_LocalEulerAnglesHint.x
      value: 0
      objectReference: {fileID: 0}
    - target: {fileID: 4736024230581622, guid: 5e58dcb6af1538f4d853813842f05461, type: 3}
      propertyPath: m_RootOrder
      value: 3
      objectReference: {fileID: 0}
    - target: {fileID: 4736024230581622, guid: 5e58dcb6af1538f4d853813842f05461, type: 3}
      propertyPath: m_LocalScale.x
      value: 4
      objectReference: {fileID: 0}
    - target: {fileID: 4736024230581622, guid: 5e58dcb6af1538f4d853813842f05461, type: 3}
      propertyPath: m_LocalScale.y
      value: 4
      objectReference: {fileID: 0}
    - target: {fileID: 4736024230581622, guid: 5e58dcb6af1538f4d853813842f05461, type: 3}
      propertyPath: m_LocalScale.z
      value: 1
      objectReference: {fileID: 0}
    - target: {fileID: 4736024230581622, guid: 5e58dcb6af1538f4d853813842f05461, type: 3}
      propertyPath: m_LocalPosition.x
      value: 0
      objectReference: {fileID: 0}
    - target: {fileID: 4736024230581622, guid: 5e58dcb6af1538f4d853813842f05461, type: 3}
      propertyPath: m_LocalPosition.y
      value: 0
      objectReference: {fileID: 0}
    - target: {fileID: 4736024230581622, guid: 5e58dcb6af1538f4d853813842f05461, type: 3}
      propertyPath: m_LocalPosition.z
      value: -0.087
      objectReference: {fileID: 0}
    - target: {fileID: 4736024230581622, guid: 5e58dcb6af1538f4d853813842f05461, type: 3}
      propertyPath: m_LocalRotation.w
      value: 1
      objectReference: {fileID: 0}
    - target: {fileID: 4736024230581622, guid: 5e58dcb6af1538f4d853813842f05461, type: 3}
      propertyPath: m_LocalRotation.x
      value: 0
      objectReference: {fileID: 0}
    - target: {fileID: 4736024230581622, guid: 5e58dcb6af1538f4d853813842f05461, type: 3}
      propertyPath: m_LocalRotation.y
      value: 0
      objectReference: {fileID: 0}
    - target: {fileID: 4736024230581622, guid: 5e58dcb6af1538f4d853813842f05461, type: 3}
      propertyPath: m_LocalRotation.z
      value: 0
      objectReference: {fileID: 0}
    - target: {fileID: 4736024230581622, guid: 5e58dcb6af1538f4d853813842f05461, type: 3}
      propertyPath: m_LocalEulerAnglesHint.x
      value: 0
      objectReference: {fileID: 0}
    - target: {fileID: 4736024230581622, guid: 5e58dcb6af1538f4d853813842f05461, type: 3}
      propertyPath: m_LocalEulerAnglesHint.y
      value: 0
      objectReference: {fileID: 0}
    - target: {fileID: 4736024230581622, guid: 5e58dcb6af1538f4d853813842f05461, type: 3}
      propertyPath: m_LocalEulerAnglesHint.z
      value: 0
      objectReference: {fileID: 0}
    - target: {fileID: 198114610253404294, guid: 5e58dcb6af1538f4d853813842f05461,
        type: 3}
      propertyPath: prewarm
      value: 1
      objectReference: {fileID: 0}
    - target: {fileID: 198114610253404294, guid: 5e58dcb6af1538f4d853813842f05461,
        type: 3}
      propertyPath: startDelay.maxCurve.m_Curve.Array.data[0].value
      value: 0
      objectReference: {fileID: 0}
    - target: {fileID: 198114610253404294, guid: 5e58dcb6af1538f4d853813842f05461,
        type: 3}
      propertyPath: startDelay.maxCurve.m_Curve.Array.data[1].value
      value: 0
      objectReference: {fileID: 0}
    - target: {fileID: 199358154026892044, guid: 5e58dcb6af1538f4d853813842f05461,
        type: 3}
      propertyPath: m_Enabled
      value: 0
      objectReference: {fileID: 0}
    - target: {fileID: 199560987669873558, guid: 5e58dcb6af1538f4d853813842f05461,
        type: 3}
      propertyPath: m_RenderMode
      value: 0
      objectReference: {fileID: 0}
    m_RemovedComponents:
    - {fileID: 114409874962607200, guid: 5e58dcb6af1538f4d853813842f05461, type: 3}
    - {fileID: 54212628334827884, guid: 5e58dcb6af1538f4d853813842f05461, type: 3}
  m_SourcePrefab: {fileID: 100100000, guid: 5e58dcb6af1538f4d853813842f05461, type: 3}
--- !u!4 &7529638699472405892 stripped
Transform:
  m_CorrespondingSourceObject: {fileID: 4736024230581622, guid: 5e58dcb6af1538f4d853813842f05461,
    type: 3}
  m_PrefabInstance: {fileID: 7525081647096467698}
  m_PrefabAsset: {fileID: 0}
