%YAML 1.1
%TAG !u! tag:unity3d.com,2011:
--- !u!1 &629200176444091847
GameObject:
  m_ObjectHideFlags: 0
  m_CorrespondingSourceObject: {fileID: 0}
  m_PrefabInstance: {fileID: 0}
  m_PrefabAsset: {fileID: 0}
  serializedVersion: 6
  m_Component:
  - component: {fileID: 629200176444091849}
  - component: {fileID: 629200176444091846}
  m_Layer: 0
  m_Name: WFRC
  m_TagString: Untagged
  m_Icon: {fileID: 0}
  m_NavMeshLayer: 0
  m_StaticEditorFlags: 0
  m_IsActive: 1
--- !u!4 &629200176444091849
Transform:
  m_ObjectHideFlags: 0
  m_CorrespondingSourceObject: {fileID: 0}
  m_PrefabInstance: {fileID: 0}
  m_PrefabAsset: {fileID: 0}
  m_GameObject: {fileID: 629200176444091847}
  m_LocalRotation: {x: -0, y: -0, z: -0, w: 1}
  m_LocalPosition: {x: 1.07, y: 0.3557887, z: 1.16}
  m_LocalScale: {x: 1, y: 1, z: 1}
  m_Children: []
  m_Father: {fileID: 5603017749305269615}
  m_RootOrder: 3
  m_LocalEulerAnglesHint: {x: 0, y: 0, z: 0}
--- !u!146 &629200176444091846
WheelCollider:
  m_ObjectHideFlags: 0
  m_CorrespondingSourceObject: {fileID: 0}
  m_PrefabInstance: {fileID: 0}
  m_PrefabAsset: {fileID: 0}
  m_GameObject: {fileID: 629200176444091847}
  m_Center: {x: 0, y: 0.15, z: 0}
  m_Radius: 0.37
  m_SuspensionSpring:
    spring: 35000
    damper: 4500
    targetPosition: 0.5
  m_SuspensionDistance: 0.3
  m_ForceAppPointDistance: 0
  m_Mass: 20
  m_WheelDampingRate: 0.25
  m_ForwardFriction:
    m_ExtremumSlip: 0.4
    m_ExtremumValue: 1
    m_AsymptoteSlip: 0.8
    m_AsymptoteValue: 0.5
    m_Stiffness: 1
  m_SidewaysFriction:
    m_ExtremumSlip: 0.2
    m_ExtremumValue: 1
    m_AsymptoteSlip: 0.5
    m_AsymptoteValue: 0.75
    m_Stiffness: 1
  m_Enabled: 1
--- !u!1 &629200176672792187
GameObject:
  m_ObjectHideFlags: 0
  m_CorrespondingSourceObject: {fileID: 0}
  m_PrefabInstance: {fileID: 0}
  m_PrefabAsset: {fileID: 0}
  serializedVersion: 6
  m_Component:
  - component: {fileID: 629200176672792189}
  - component: {fileID: 629200176672792186}
  m_Layer: 0
  m_Name: WFLC
  m_TagString: Untagged
  m_Icon: {fileID: 0}
  m_NavMeshLayer: 0
  m_StaticEditorFlags: 0
  m_IsActive: 1
--- !u!4 &629200176672792189
Transform:
  m_ObjectHideFlags: 0
  m_CorrespondingSourceObject: {fileID: 0}
  m_PrefabInstance: {fileID: 0}
  m_PrefabAsset: {fileID: 0}
  m_GameObject: {fileID: 629200176672792187}
  m_LocalRotation: {x: -0, y: -0, z: -0, w: 1}
  m_LocalPosition: {x: -1.03, y: 0.35578868, z: 1.16}
  m_LocalScale: {x: 1, y: 1, z: 1}
  m_Children: []
  m_Father: {fileID: 5603017749305269615}
  m_RootOrder: 2
  m_LocalEulerAnglesHint: {x: 0, y: 0, z: 0}
--- !u!146 &629200176672792186
WheelCollider:
  m_ObjectHideFlags: 0
  m_CorrespondingSourceObject: {fileID: 0}
  m_PrefabInstance: {fileID: 0}
  m_PrefabAsset: {fileID: 0}
  m_GameObject: {fileID: 629200176672792187}
  m_Center: {x: 0, y: 0.15, z: 0}
  m_Radius: 0.37
  m_SuspensionSpring:
    spring: 35000
    damper: 4500
    targetPosition: 0.5
  m_SuspensionDistance: 0.3
  m_ForceAppPointDistance: 0
  m_Mass: 20
  m_WheelDampingRate: 0.25
  m_ForwardFriction:
    m_ExtremumSlip: 0.4
    m_ExtremumValue: 1
    m_AsymptoteSlip: 0.8
    m_AsymptoteValue: 0.5
    m_Stiffness: 1
  m_SidewaysFriction:
    m_ExtremumSlip: 0.2
    m_ExtremumValue: 1
    m_AsymptoteSlip: 0.5
    m_AsymptoteValue: 0.75
    m_Stiffness: 1
  m_Enabled: 1
--- !u!1 &629200177104606329
GameObject:
  m_ObjectHideFlags: 0
  m_CorrespondingSourceObject: {fileID: 0}
  m_PrefabInstance: {fileID: 0}
  m_PrefabAsset: {fileID: 0}
  serializedVersion: 6
  m_Component:
  - component: {fileID: 629200177104606331}
  - component: {fileID: 629200177104606328}
  m_Layer: 0
  m_Name: WRC
  m_TagString: Untagged
  m_Icon: {fileID: 0}
  m_NavMeshLayer: 0
  m_StaticEditorFlags: 0
  m_IsActive: 1
--- !u!4 &629200177104606331
Transform:
  m_ObjectHideFlags: 0
  m_CorrespondingSourceObject: {fileID: 0}
  m_PrefabInstance: {fileID: 0}
  m_PrefabAsset: {fileID: 0}
  m_GameObject: {fileID: 629200177104606329}
  m_LocalRotation: {x: -0, y: -0, z: -0, w: 1}
  m_LocalPosition: {x: 1.07, y: 0.3557887, z: -1.13}
  m_LocalScale: {x: 1, y: 1, z: 1}
  m_Children: []
  m_Father: {fileID: 5603017749305269615}
  m_RootOrder: 1
  m_LocalEulerAnglesHint: {x: 0, y: 0, z: 0}
--- !u!146 &629200177104606328
WheelCollider:
  m_ObjectHideFlags: 0
  m_CorrespondingSourceObject: {fileID: 0}
  m_PrefabInstance: {fileID: 0}
  m_PrefabAsset: {fileID: 0}
  m_GameObject: {fileID: 629200177104606329}
  m_Center: {x: 0, y: 0.15, z: 0}
  m_Radius: 0.37
  m_SuspensionSpring:
    spring: 35000
    damper: 4500
    targetPosition: 0.5
  m_SuspensionDistance: 0.3
  m_ForceAppPointDistance: 0
  m_Mass: 20
  m_WheelDampingRate: 0.25
  m_ForwardFriction:
    m_ExtremumSlip: 0.4
    m_ExtremumValue: 1
    m_AsymptoteSlip: 0.8
    m_AsymptoteValue: 0.5
    m_Stiffness: 1
  m_SidewaysFriction:
    m_ExtremumSlip: 0.2
    m_ExtremumValue: 1
    m_AsymptoteSlip: 0.5
    m_AsymptoteValue: 0.75
    m_Stiffness: 1
  m_Enabled: 1
--- !u!1 &629200177602557566
GameObject:
  m_ObjectHideFlags: 0
  m_CorrespondingSourceObject: {fileID: 0}
  m_PrefabInstance: {fileID: 0}
  m_PrefabAsset: {fileID: 0}
  serializedVersion: 6
  m_Component:
  - component: {fileID: 629200177602557537}
  - component: {fileID: 629200177602557536}
  m_Layer: 0
  m_Name: collider
  m_TagString: Untagged
  m_Icon: {fileID: 0}
  m_NavMeshLayer: 0
  m_StaticEditorFlags: 0
  m_IsActive: 1
--- !u!4 &629200177602557537
Transform:
  m_ObjectHideFlags: 0
  m_CorrespondingSourceObject: {fileID: 0}
  m_PrefabInstance: {fileID: 0}
  m_PrefabAsset: {fileID: 0}
  m_GameObject: {fileID: 629200177602557566}
  m_LocalRotation: {x: 0, y: 0, z: 0, w: 1}
  m_LocalPosition: {x: 0, y: 1.11, z: 0.1217}
  m_LocalScale: {x: 2.46, y: 1.35, z: 4.2}
  m_Children: []
  m_Father: {fileID: 5603017749305269615}
  m_RootOrder: 4
  m_LocalEulerAnglesHint: {x: 0, y: 0, z: 0}
--- !u!65 &629200177602557536
BoxCollider:
  m_ObjectHideFlags: 0
  m_CorrespondingSourceObject: {fileID: 0}
  m_PrefabInstance: {fileID: 0}
  m_PrefabAsset: {fileID: 0}
  m_GameObject: {fileID: 629200177602557566}
  m_Material: {fileID: 0}
  m_IsTrigger: 0
  m_Enabled: 1
  serializedVersion: 2
  m_Size: {x: 1, y: 1, z: 1}
  m_Center: {x: 0, y: 0, z: 0}
--- !u!1 &629200178009165514
GameObject:
  m_ObjectHideFlags: 0
  m_CorrespondingSourceObject: {fileID: 0}
  m_PrefabInstance: {fileID: 0}
  m_PrefabAsset: {fileID: 0}
  serializedVersion: 6
  m_Component:
  - component: {fileID: 629200178009165516}
  - component: {fileID: 629200178009165517}
  m_Layer: 0
  m_Name: WLC
  m_TagString: Untagged
  m_Icon: {fileID: 0}
  m_NavMeshLayer: 0
  m_StaticEditorFlags: 0
  m_IsActive: 1
--- !u!4 &629200178009165516
Transform:
  m_ObjectHideFlags: 0
  m_CorrespondingSourceObject: {fileID: 0}
  m_PrefabInstance: {fileID: 0}
  m_PrefabAsset: {fileID: 0}
  m_GameObject: {fileID: 629200178009165514}
  m_LocalRotation: {x: -0, y: -0, z: -0, w: 1}
  m_LocalPosition: {x: -1.03, y: 0.35578868, z: -1.13}
  m_LocalScale: {x: 1, y: 1, z: 1}
  m_Children: []
  m_Father: {fileID: 5603017749305269615}
  m_RootOrder: 0
  m_LocalEulerAnglesHint: {x: 0, y: 0, z: 0}
--- !u!146 &629200178009165517
WheelCollider:
  m_ObjectHideFlags: 0
  m_CorrespondingSourceObject: {fileID: 0}
  m_PrefabInstance: {fileID: 0}
  m_PrefabAsset: {fileID: 0}
  m_GameObject: {fileID: 629200178009165514}
  m_Center: {x: 0, y: 0.15, z: 0}
  m_Radius: 0.37
  m_SuspensionSpring:
    spring: 35000
    damper: 4500
    targetPosition: 0.5
  m_SuspensionDistance: 0.3
  m_ForceAppPointDistance: 0
  m_Mass: 20
  m_WheelDampingRate: 0.25
  m_ForwardFriction:
    m_ExtremumSlip: 0.4
    m_ExtremumValue: 1
    m_AsymptoteSlip: 0.8
    m_AsymptoteValue: 0.5
    m_Stiffness: 1
  m_SidewaysFriction:
    m_ExtremumSlip: 0.2
    m_ExtremumValue: 1
    m_AsymptoteSlip: 0.5
    m_AsymptoteValue: 0.75
    m_Stiffness: 1
  m_Enabled: 1
--- !u!1 &8906628215009341308
GameObject:
  m_ObjectHideFlags: 0
  m_CorrespondingSourceObject: {fileID: 0}
  m_PrefabInstance: {fileID: 0}
  m_PrefabAsset: {fileID: 0}
  serializedVersion: 6
  m_Component:
  - component: {fileID: 5603017749305269615}
  - component: {fileID: 7749427374766830105}
  - component: {fileID: 1381214344012805233}
  - component: {fileID: 629200178164086390}
  - component: {fileID: 8906628215009341311}
  - component: {fileID: 8906628215009341310}
  - component: {fileID: 8906628215009341280}
  - component: {fileID: 8906628215009341309}
  - component: {fileID: 8131079470243639102}
  m_Layer: 0
  m_Name: v_tank_1
  m_TagString: cart
  m_Icon: {fileID: 0}
  m_NavMeshLayer: 0
  m_StaticEditorFlags: 0
  m_IsActive: 1
--- !u!4 &5603017749305269615
Transform:
  m_ObjectHideFlags: 0
  m_CorrespondingSourceObject: {fileID: 0}
  m_PrefabInstance: {fileID: 0}
  m_PrefabAsset: {fileID: 0}
  m_GameObject: {fileID: 8906628215009341308}
  m_LocalRotation: {x: 0, y: 0, z: 0, w: 1}
  m_LocalPosition: {x: -1648.4, y: 0.26, z: 1586.8}
  m_LocalScale: {x: 2, y: 2, z: 2}
  m_Children:
  - {fileID: 629200178009165516}
  - {fileID: 629200177104606331}
  - {fileID: 629200176672792189}
  - {fileID: 629200176444091849}
  - {fileID: 629200177602557537}
  - {fileID: 4752612012456556351}
  - {fileID: 3772188555178679651}
  - {fileID: 7125768495698321756}
  - {fileID: 3544489058068844735}
  - {fileID: 7724721750620026816}
  m_Father: {fileID: 0}
  m_RootOrder: 0
  m_LocalEulerAnglesHint: {x: 0, y: 0, z: 0}
--- !u!114 &7749427374766830105
MonoBehaviour:
  m_ObjectHideFlags: 0
  m_CorrespondingSourceObject: {fileID: 0}
  m_PrefabInstance: {fileID: 0}
  m_PrefabAsset: {fileID: 0}
  m_GameObject: {fileID: 8906628215009341308}
  m_Enabled: 1
  m_EditorHideFlags: 0
  m_Script: {fileID: 11500000, guid: 2f8d98d02f14e412fa5989f4f9a47c39, type: 3}
  m_Name: 
  m_EditorClassIdentifier: 
  type: 0
  weaponsFireDelay: 5
  weapons: []
  isFocused:
    m_PersistentCalls:
      m_Calls: []
  path: {fileID: 0}
--- !u!114 &1381214344012805233
MonoBehaviour:
  m_ObjectHideFlags: 0
  m_CorrespondingSourceObject: {fileID: 0}
  m_PrefabInstance: {fileID: 0}
  m_PrefabAsset: {fileID: 0}
  m_GameObject: {fileID: 8906628215009341308}
  m_Enabled: 1
  m_EditorHideFlags: 0
  m_Script: {fileID: 11500000, guid: 8d1600e3c1903fc47b28717f0a363c8b, type: 3}
  m_Name: 
  m_EditorClassIdentifier: 
  team: 1
  maxHealth: 0
  health: 10
  fireArea: {fileID: 6645260914063761202}
  indicatorOffset: {x: 0, y: 5, z: 0}
  indicatorPrefab: {fileID: 650795731111978186, guid: 33ba9c87c0ebf7a4996ded9801df00bc,
    type: 3}
  onDeath:
    m_PersistentCalls:
      m_Calls:
      - m_Target: {fileID: 6246747094821770171}
        m_TargetAssemblyTypeName: UnityEngine.GameObject, UnityEngine
        m_MethodName: SetActive
        m_Mode: 6
        m_Arguments:
          m_ObjectArgument: {fileID: 0}
          m_ObjectArgumentAssemblyTypeName: UnityEngine.Object, UnityEngine
          m_IntArgument: 0
          m_FloatArgument: 0
          m_StringArgument: 
          m_BoolArgument: 1
        m_CallState: 2
  onDamaged:
    m_PersistentCalls:
      m_Calls: []
--- !u!54 &629200178164086390
Rigidbody:
  m_ObjectHideFlags: 0
  m_CorrespondingSourceObject: {fileID: 0}
  m_PrefabInstance: {fileID: 0}
  m_PrefabAsset: {fileID: 0}
  m_GameObject: {fileID: 8906628215009341308}
  serializedVersion: 2
  m_Mass: 500
  m_Drag: 0
  m_AngularDrag: 0.05
  m_UseGravity: 1
  m_IsKinematic: 0
  m_Interpolate: 1
  m_Constraints: 0
  m_CollisionDetection: 1
--- !u!114 &8906628215009341311
MonoBehaviour:
  m_ObjectHideFlags: 0
  m_CorrespondingSourceObject: {fileID: 0}
  m_PrefabInstance: {fileID: 0}
  m_PrefabAsset: {fileID: 0}
  m_GameObject: {fileID: 8906628215009341308}
  m_Enabled: 1
  m_EditorHideFlags: 0
  m_Script: {fileID: 11500000, guid: 3086c6f01e8864b5887a1109966f3bde, type: 3}
  m_Name: 
  m_EditorClassIdentifier: 
  wheels:
  - {fileID: 629200176672792186}
  - {fileID: 629200176444091846}
  - {fileID: 629200178009165517}
  - {fileID: 629200177104606328}
  wheels_mesh:
  - {fileID: 0}
  - {fileID: 0}
  - {fileID: 0}
  - {fileID: 0}
  wheel_torque: 200
  brake_torque: 500
  max_steerangle: 50
  current_speed: 0
  _rigidbody: {fileID: 0}
  isAICart: 1
  maxSpeed: 40
--- !u!114 &8906628215009341310
MonoBehaviour:
  m_ObjectHideFlags: 0
  m_CorrespondingSourceObject: {fileID: 0}
  m_PrefabInstance: {fileID: 0}
  m_PrefabAsset: {fileID: 0}
  m_GameObject: {fileID: 8906628215009341308}
  m_Enabled: 1
  m_EditorHideFlags: 0
  m_Script: {fileID: 11500000, guid: f8fa2179975524672b8a3f57852993d5, type: 3}
  m_Name: 
  m_EditorClassIdentifier: 
  body: {fileID: 629200178164086390}
  wheelL: {fileID: 629200178009165517}
  wheelR: {fileID: 629200177104606328}
  antiRollVal: 5000
--- !u!114 &8906628215009341280
MonoBehaviour:
  m_ObjectHideFlags: 0
  m_CorrespondingSourceObject: {fileID: 0}
  m_PrefabInstance: {fileID: 0}
  m_PrefabAsset: {fileID: 0}
  m_GameObject: {fileID: 8906628215009341308}
  m_Enabled: 1
  m_EditorHideFlags: 0
  m_Script: {fileID: 11500000, guid: 11d1b9b6804a14455ba2302ce86fd660, type: 3}
  m_Name: 
  m_EditorClassIdentifier: 
--- !u!114 &8906628215009341309
MonoBehaviour:
  m_ObjectHideFlags: 0
  m_CorrespondingSourceObject: {fileID: 0}
  m_PrefabInstance: {fileID: 0}
  m_PrefabAsset: {fileID: 0}
  m_GameObject: {fileID: 8906628215009341308}
  m_Enabled: 1
  m_EditorHideFlags: 0
  m_Script: {fileID: 11500000, guid: 9195ee7e13fb7482daa204e4f7e3452b, type: 3}
  m_Name: 
  m_EditorClassIdentifier: 
  waypoints: []
  steeringSensitivity: 0.01
  breakingSensitivity: 1
  accelerationSensitivity: 0.3
  trackerPrefab: {fileID: 7969186193257521975, guid: 6bb217b6c7964453792e1f349f80e463,
    type: 3}
--- !u!114 &8131079470243639102
MonoBehaviour:
  m_ObjectHideFlags: 0
  m_CorrespondingSourceObject: {fileID: 0}
  m_PrefabInstance: {fileID: 0}
  m_PrefabAsset: {fileID: 0}
  m_GameObject: {fileID: 8906628215009341308}
  m_Enabled: 1
  m_EditorHideFlags: 0
  m_Script: {fileID: 11500000, guid: 8a8a49e1e5a13c34a9eac3ae05ea114f, type: 3}
  m_Name: 
  m_EditorClassIdentifier: 
  throwOnDeath: 1
  throwObjects:
  - {fileID: 3544489058068844735}
  setAllKinematicDelay: 10
  throwMaxForce: {x: 3, y: 5}
  throwMinForce: {x: 2, y: 3}
  rotationSpeed: 20
--- !u!1001 &2515770291369908044
PrefabInstance:
  m_ObjectHideFlags: 0
  serializedVersion: 2
  m_Modification:
    m_TransformParent: {fileID: 5603017749305269615}
    m_Modifications:
    - target: {fileID: 4492543282475183099, guid: 7dbf4d1c31736ad4cb0f51dd63fbbd53,
        type: 3}
      propertyPath: m_Name
      value: vhclShadow
      objectReference: {fileID: 0}
    - target: {fileID: 4614535339867977232, guid: 7dbf4d1c31736ad4cb0f51dd63fbbd53,
        type: 3}
      propertyPath: m_RootOrder
      value: 7
      objectReference: {fileID: 0}
    - target: {fileID: 4614535339867977232, guid: 7dbf4d1c31736ad4cb0f51dd63fbbd53,
        type: 3}
      propertyPath: m_LocalPosition.x
      value: 0
      objectReference: {fileID: 0}
    - target: {fileID: 4614535339867977232, guid: 7dbf4d1c31736ad4cb0f51dd63fbbd53,
        type: 3}
      propertyPath: m_LocalPosition.y
      value: 0.04
      objectReference: {fileID: 0}
    - target: {fileID: 4614535339867977232, guid: 7dbf4d1c31736ad4cb0f51dd63fbbd53,
        type: 3}
      propertyPath: m_LocalPosition.z
      value: 0
      objectReference: {fileID: 0}
    - target: {fileID: 4614535339867977232, guid: 7dbf4d1c31736ad4cb0f51dd63fbbd53,
        type: 3}
      propertyPath: m_LocalRotation.w
      value: 0.7071064
      objectReference: {fileID: 0}
    - target: {fileID: 4614535339867977232, guid: 7dbf4d1c31736ad4cb0f51dd63fbbd53,
        type: 3}
      propertyPath: m_LocalRotation.x
      value: 0.70710725
      objectReference: {fileID: 0}
    - target: {fileID: 4614535339867977232, guid: 7dbf4d1c31736ad4cb0f51dd63fbbd53,
        type: 3}
      propertyPath: m_LocalRotation.y
      value: 0.000000026077032
      objectReference: {fileID: 0}
    - target: {fileID: 4614535339867977232, guid: 7dbf4d1c31736ad4cb0f51dd63fbbd53,
        type: 3}
      propertyPath: m_LocalRotation.z
      value: 0.000000040978193
      objectReference: {fileID: 0}
    - target: {fileID: 4614535339867977232, guid: 7dbf4d1c31736ad4cb0f51dd63fbbd53,
        type: 3}
      propertyPath: m_LocalEulerAnglesHint.x
      value: 90
      objectReference: {fileID: 0}
    - target: {fileID: 4614535339867977232, guid: 7dbf4d1c31736ad4cb0f51dd63fbbd53,
        type: 3}
      propertyPath: m_LocalEulerAnglesHint.y
      value: 0
      objectReference: {fileID: 0}
    - target: {fileID: 4614535339867977232, guid: 7dbf4d1c31736ad4cb0f51dd63fbbd53,
        type: 3}
      propertyPath: m_LocalEulerAnglesHint.z
      value: 0
      objectReference: {fileID: 0}
    m_RemovedComponents: []
  m_SourcePrefab: {fileID: 100100000, guid: 7dbf4d1c31736ad4cb0f51dd63fbbd53, type: 3}
--- !u!4 &7125768495698321756 stripped
Transform:
  m_CorrespondingSourceObject: {fileID: 4614535339867977232, guid: 7dbf4d1c31736ad4cb0f51dd63fbbd53,
    type: 3}
  m_PrefabInstance: {fileID: 2515770291369908044}
  m_PrefabAsset: {fileID: 0}
--- !u!1001 &2884016573969470454
PrefabInstance:
  m_ObjectHideFlags: 0
  serializedVersion: 2
  m_Modification:
    m_TransformParent: {fileID: 5603017749305269615}
    m_Modifications:
    - target: {fileID: 119721251405551359, guid: 5f694739ee4c9494c905f4e9353cfe0c,
        type: 3}
      propertyPath: m_IsActive
      value: 0
      objectReference: {fileID: 0}
    - target: {fileID: 4842966408264066102, guid: 5f694739ee4c9494c905f4e9353cfe0c,
        type: 3}
      propertyPath: m_RootOrder
      value: 9
      objectReference: {fileID: 0}
    - target: {fileID: 4842966408264066102, guid: 5f694739ee4c9494c905f4e9353cfe0c,
        type: 3}
      propertyPath: m_LocalPosition.x
      value: 0
      objectReference: {fileID: 0}
    - target: {fileID: 4842966408264066102, guid: 5f694739ee4c9494c905f4e9353cfe0c,
        type: 3}
      propertyPath: m_LocalPosition.y
      value: 0
      objectReference: {fileID: 0}
    - target: {fileID: 4842966408264066102, guid: 5f694739ee4c9494c905f4e9353cfe0c,
        type: 3}
      propertyPath: m_LocalPosition.z
      value: 0
      objectReference: {fileID: 0}
    - target: {fileID: 4842966408264066102, guid: 5f694739ee4c9494c905f4e9353cfe0c,
        type: 3}
      propertyPath: m_LocalRotation.w
      value: 1
      objectReference: {fileID: 0}
    - target: {fileID: 4842966408264066102, guid: 5f694739ee4c9494c905f4e9353cfe0c,
        type: 3}
      propertyPath: m_LocalRotation.x
      value: 0.000000021855694
      objectReference: {fileID: 0}
    - target: {fileID: 4842966408264066102, guid: 5f694739ee4c9494c905f4e9353cfe0c,
        type: 3}
      propertyPath: m_LocalRotation.y
      value: -0.00000004371139
      objectReference: {fileID: 0}
    - target: {fileID: 4842966408264066102, guid: 5f694739ee4c9494c905f4e9353cfe0c,
        type: 3}
      propertyPath: m_LocalRotation.z
      value: 1.0165751e-15
      objectReference: {fileID: 0}
    - target: {fileID: 4842966408264066102, guid: 5f694739ee4c9494c905f4e9353cfe0c,
        type: 3}
      propertyPath: m_LocalEulerAnglesHint.x
      value: 0
      objectReference: {fileID: 0}
    - target: {fileID: 4842966408264066102, guid: 5f694739ee4c9494c905f4e9353cfe0c,
        type: 3}
      propertyPath: m_LocalEulerAnglesHint.y
      value: 0
      objectReference: {fileID: 0}
    - target: {fileID: 4842966408264066102, guid: 5f694739ee4c9494c905f4e9353cfe0c,
        type: 3}
      propertyPath: m_LocalEulerAnglesHint.z
      value: 0
      objectReference: {fileID: 0}
    - target: {fileID: 8461970761184990757, guid: 5f694739ee4c9494c905f4e9353cfe0c,
        type: 3}
      propertyPath: m_Name
      value: Cromwell_IV
      objectReference: {fileID: 0}
    m_RemovedComponents: []
  m_SourcePrefab: {fileID: 100100000, guid: 5f694739ee4c9494c905f4e9353cfe0c, type: 3}
--- !u!4 &7724721750620026816 stripped
Transform:
  m_CorrespondingSourceObject: {fileID: 4842966408264066102, guid: 5f694739ee4c9494c905f4e9353cfe0c,
    type: 3}
  m_PrefabInstance: {fileID: 2884016573969470454}
  m_PrefabAsset: {fileID: 0}
--- !u!1001 &5201034014412962360
PrefabInstance:
  m_ObjectHideFlags: 0
  serializedVersion: 2
  m_Modification:
    m_TransformParent: {fileID: 5603017749305269615}
    m_Modifications:
    - target: {fileID: 3279675607690162271, guid: e2368aaf82d1274449b321d0bd41cdb0,
        type: 3}
      propertyPath: m_IsActive
      value: 0
      objectReference: {fileID: 0}
    - target: {fileID: 5385837657062183500, guid: e2368aaf82d1274449b321d0bd41cdb0,
        type: 3}
      propertyPath: m_Name
      value: W_AG_1
      objectReference: {fileID: 0}
    - target: {fileID: 8727209606263941767, guid: e2368aaf82d1274449b321d0bd41cdb0,
        type: 3}
      propertyPath: m_RootOrder
      value: 8
      objectReference: {fileID: 0}
    - target: {fileID: 8727209606263941767, guid: e2368aaf82d1274449b321d0bd41cdb0,
        type: 3}
      propertyPath: m_LocalPosition.x
      value: 0
      objectReference: {fileID: 0}
    - target: {fileID: 8727209606263941767, guid: e2368aaf82d1274449b321d0bd41cdb0,
        type: 3}
      propertyPath: m_LocalPosition.y
      value: 1.75
      objectReference: {fileID: 0}
    - target: {fileID: 8727209606263941767, guid: e2368aaf82d1274449b321d0bd41cdb0,
        type: 3}
      propertyPath: m_LocalPosition.z
      value: 0.54
      objectReference: {fileID: 0}
    - target: {fileID: 8727209606263941767, guid: e2368aaf82d1274449b321d0bd41cdb0,
        type: 3}
      propertyPath: m_LocalRotation.w
      value: 1
      objectReference: {fileID: 0}
    - target: {fileID: 8727209606263941767, guid: e2368aaf82d1274449b321d0bd41cdb0,
        type: 3}
      propertyPath: m_LocalRotation.x
      value: 0
      objectReference: {fileID: 0}
    - target: {fileID: 8727209606263941767, guid: e2368aaf82d1274449b321d0bd41cdb0,
        type: 3}
      propertyPath: m_LocalRotation.y
      value: 0
      objectReference: {fileID: 0}
    - target: {fileID: 8727209606263941767, guid: e2368aaf82d1274449b321d0bd41cdb0,
        type: 3}
      propertyPath: m_LocalRotation.z
      value: 0
      objectReference: {fileID: 0}
    - target: {fileID: 8727209606263941767, guid: e2368aaf82d1274449b321d0bd41cdb0,
        type: 3}
      propertyPath: m_LocalEulerAnglesHint.x
      value: 0
      objectReference: {fileID: 0}
    - target: {fileID: 8727209606263941767, guid: e2368aaf82d1274449b321d0bd41cdb0,
        type: 3}
      propertyPath: m_LocalEulerAnglesHint.y
      value: 0
      objectReference: {fileID: 0}
    - target: {fileID: 8727209606263941767, guid: e2368aaf82d1274449b321d0bd41cdb0,
        type: 3}
      propertyPath: m_LocalEulerAnglesHint.z
      value: 0
      objectReference: {fileID: 0}
    m_RemovedComponents: []
  m_SourcePrefab: {fileID: 100100000, guid: e2368aaf82d1274449b321d0bd41cdb0, type: 3}
--- !u!4 &3544489058068844735 stripped
Transform:
  m_CorrespondingSourceObject: {fileID: 8727209606263941767, guid: e2368aaf82d1274449b321d0bd41cdb0,
    type: 3}
  m_PrefabInstance: {fileID: 5201034014412962360}
  m_PrefabAsset: {fileID: 0}
--- !u!1001 &5274775134303100863
PrefabInstance:
  m_ObjectHideFlags: 0
  serializedVersion: 2
  m_Modification:
    m_TransformParent: {fileID: 5603017749305269615}
    m_Modifications:
    - target: {fileID: 632596834988664960, guid: 132255ede8167bd41ba7c09ee78abec6,
        type: 3}
      propertyPath: m_RootOrder
      value: 5
      objectReference: {fileID: 0}
    - target: {fileID: 632596834988664960, guid: 132255ede8167bd41ba7c09ee78abec6,
        type: 3}
      propertyPath: m_LocalPosition.x
      value: 0
      objectReference: {fileID: 0}
    - target: {fileID: 632596834988664960, guid: 132255ede8167bd41ba7c09ee78abec6,
        type: 3}
      propertyPath: m_LocalPosition.y
      value: 1.21
      objectReference: {fileID: 0}
    - target: {fileID: 632596834988664960, guid: 132255ede8167bd41ba7c09ee78abec6,
        type: 3}
      propertyPath: m_LocalPosition.z
      value: 0
      objectReference: {fileID: 0}
    - target: {fileID: 632596834988664960, guid: 132255ede8167bd41ba7c09ee78abec6,
        type: 3}
      propertyPath: m_LocalRotation.w
      value: 1
      objectReference: {fileID: 0}
    - target: {fileID: 632596834988664960, guid: 132255ede8167bd41ba7c09ee78abec6,
        type: 3}
      propertyPath: m_LocalRotation.x
      value: 0
      objectReference: {fileID: 0}
    - target: {fileID: 632596834988664960, guid: 132255ede8167bd41ba7c09ee78abec6,
        type: 3}
      propertyPath: m_LocalRotation.y
      value: 0
      objectReference: {fileID: 0}
    - target: {fileID: 632596834988664960, guid: 132255ede8167bd41ba7c09ee78abec6,
        type: 3}
      propertyPath: m_LocalRotation.z
      value: 0
      objectReference: {fileID: 0}
    - target: {fileID: 1516430624984776845, guid: 132255ede8167bd41ba7c09ee78abec6,
        type: 3}
      propertyPath: m_Radius
      value: 2.4
      objectReference: {fileID: 0}
    m_RemovedComponents: []
  m_SourcePrefab: {fileID: 100100000, guid: 132255ede8167bd41ba7c09ee78abec6, type: 3}
--- !u!4 &4752612012456556351 stripped
Transform:
  m_CorrespondingSourceObject: {fileID: 632596834988664960, guid: 132255ede8167bd41ba7c09ee78abec6,
    type: 3}
  m_PrefabInstance: {fileID: 5274775134303100863}
  m_PrefabAsset: {fileID: 0}
--- !u!135 &6645260914063761202 stripped
SphereCollider:
  m_CorrespondingSourceObject: {fileID: 1516430624984776845, guid: 132255ede8167bd41ba7c09ee78abec6,
    type: 3}
  m_PrefabInstance: {fileID: 5274775134303100863}
  m_PrefabAsset: {fileID: 0}
--- !u!1001 &6340970272800317678
PrefabInstance:
  m_ObjectHideFlags: 0
  serializedVersion: 2
  m_Modification:
    m_TransformParent: {fileID: 5603017749305269615}
    m_Modifications:
    - target: {fileID: 94366396483187541, guid: 17bd23af152a9854399422c6c5225a3b,
        type: 3}
      propertyPath: m_Name
      value: VhclExplosions
      objectReference: {fileID: 0}
    - target: {fileID: 7180469946083392909, guid: 17bd23af152a9854399422c6c5225a3b,
        type: 3}
      propertyPath: m_RootOrder
      value: 6
      objectReference: {fileID: 0}
    - target: {fileID: 7180469946083392909, guid: 17bd23af152a9854399422c6c5225a3b,
        type: 3}
      propertyPath: m_LocalPosition.x
      value: 0
      objectReference: {fileID: 0}
    - target: {fileID: 7180469946083392909, guid: 17bd23af152a9854399422c6c5225a3b,
        type: 3}
      propertyPath: m_LocalPosition.y
      value: 0
      objectReference: {fileID: 0}
    - target: {fileID: 7180469946083392909, guid: 17bd23af152a9854399422c6c5225a3b,
        type: 3}
      propertyPath: m_LocalPosition.z
      value: 0
      objectReference: {fileID: 0}
    - target: {fileID: 7180469946083392909, guid: 17bd23af152a9854399422c6c5225a3b,
        type: 3}
      propertyPath: m_LocalRotation.w
      value: 1
      objectReference: {fileID: 0}
    - target: {fileID: 7180469946083392909, guid: 17bd23af152a9854399422c6c5225a3b,
        type: 3}
      propertyPath: m_LocalRotation.x
      value: -0
      objectReference: {fileID: 0}
    - target: {fileID: 7180469946083392909, guid: 17bd23af152a9854399422c6c5225a3b,
        type: 3}
      propertyPath: m_LocalRotation.y
      value: -0
      objectReference: {fileID: 0}
    - target: {fileID: 7180469946083392909, guid: 17bd23af152a9854399422c6c5225a3b,
        type: 3}
      propertyPath: m_LocalRotation.z
      value: -0
      objectReference: {fileID: 0}
    - target: {fileID: 7180469946083392909, guid: 17bd23af152a9854399422c6c5225a3b,
        type: 3}
      propertyPath: m_LocalEulerAnglesHint.x
      value: 0
      objectReference: {fileID: 0}
    - target: {fileID: 7180469946083392909, guid: 17bd23af152a9854399422c6c5225a3b,
        type: 3}
      propertyPath: m_LocalEulerAnglesHint.y
      value: 0
      objectReference: {fileID: 0}
    - target: {fileID: 7180469946083392909, guid: 17bd23af152a9854399422c6c5225a3b,
        type: 3}
      propertyPath: m_LocalEulerAnglesHint.z
      value: 0
      objectReference: {fileID: 0}
    m_RemovedComponents: []
  m_SourcePrefab: {fileID: 100100000, guid: 17bd23af152a9854399422c6c5225a3b, type: 3}
--- !u!1 &6246747094821770171 stripped
GameObject:
  m_CorrespondingSourceObject: {fileID: 94366396483187541, guid: 17bd23af152a9854399422c6c5225a3b,
    type: 3}
  m_PrefabInstance: {fileID: 6340970272800317678}
  m_PrefabAsset: {fileID: 0}
--- !u!4 &3772188555178679651 stripped
Transform:
  m_CorrespondingSourceObject: {fileID: 7180469946083392909, guid: 17bd23af152a9854399422c6c5225a3b,
    type: 3}
  m_PrefabInstance: {fileID: 6340970272800317678}
  m_PrefabAsset: {fileID: 0}
