%YAML 1.1
%TAG !u! tag:unity3d.com,2011:
--- !u!64 &6177644004576707440
MeshCollider:
  m_ObjectHideFlags: 0
  m_CorrespondingSourceObject: {fileID: 0}
  m_PrefabInstance: {fileID: 0}
  m_PrefabAsset: {fileID: 0}
  m_GameObject: {fileID: 230875840623354844}
  m_Material: {fileID: 0}
  m_IsTrigger: 0
  m_Enabled: 1
  serializedVersion: 4
  m_Convex: 1
  m_CookingOptions: 30
  m_Mesh: {fileID: 4300006, guid: 272cb988dc8f53541a70afd07ace6ee6, type: 3}
--- !u!1 &3169102097816967617
GameObject:
  m_ObjectHideFlags: 0
  m_CorrespondingSourceObject: {fileID: 0}
  m_PrefabInstance: {fileID: 0}
  m_PrefabAsset: {fileID: 0}
  serializedVersion: 6
  m_Component:
  - component: {fileID: 3169102097816967618}
  - component: {fileID: -2679263680059367363}
  m_Layer: 0
  m_Name: VV_4
  m_TagString: Untagged
  m_Icon: {fileID: 0}
  m_NavMeshLayer: 0
  m_StaticEditorFlags: 0
  m_IsActive: 1
--- !u!4 &3169102097816967618
Transform:
  m_ObjectHideFlags: 0
  m_CorrespondingSourceObject: {fileID: 0}
  m_PrefabInstance: {fileID: 0}
  m_PrefabAsset: {fileID: 0}
  m_GameObject: {fileID: 3169102097816967617}
  m_LocalRotation: {x: -0, y: -0, z: -0, w: 1}
  m_LocalPosition: {x: 0, y: 2, z: 0}
  m_LocalScale: {x: 1, y: 1, z: 1}
  m_Children:
  - {fileID: 232372147327777132}
  m_Father: {fileID: 0}
  m_RootOrder: 0
  m_LocalEulerAnglesHint: {x: 0, y: 0, z: 0}
--- !u!114 &-2679263680059367363
MonoBehaviour:
  m_ObjectHideFlags: 0
  m_CorrespondingSourceObject: {fileID: 0}
  m_PrefabInstance: {fileID: 0}
  m_PrefabAsset: {fileID: 0}
  m_GameObject: {fileID: 3169102097816967617}
  m_Enabled: 1
  m_EditorHideFlags: 0
  m_Script: {fileID: 11500000, guid: f8e3c09874de64d47bf3a3325d684ffd, type: 3}
  m_Name: 
  m_EditorClassIdentifier: 
  serializationData:
    SerializedFormat: 2
    SerializedBytes: 
    ReferencedUnityObjects: []
    SerializedBytesString: 
    Prefab: {fileID: 0}
    PrefabModificationsReferencedUnityObjects: []
    PrefabModifications: []
    SerializationNodes: []
  boundsColl: {fileID: 6177644004576707440}
--- !u!1001 &231891653933337154
PrefabInstance:
  m_ObjectHideFlags: 0
  serializedVersion: 2
  m_Modification:
    m_TransformParent: {fileID: 3169102097816967618}
    m_Modifications:
    - target: {fileID: 1137810407633524, guid: 665af55b1d3a28b4681e473b8044c865, type: 3}
      propertyPath: m_Name
      value: Engine
      objectReference: {fileID: 0}
    - target: {fileID: 4034141082989358, guid: 665af55b1d3a28b4681e473b8044c865, type: 3}
      propertyPath: m_RootOrder
      value: 0
      objectReference: {fileID: 0}
    - target: {fileID: 4034141082989358, guid: 665af55b1d3a28b4681e473b8044c865, type: 3}
      propertyPath: m_LocalScale.y
      value: 0.7
      objectReference: {fileID: 0}
    - target: {fileID: 4034141082989358, guid: 665af55b1d3a28b4681e473b8044c865, type: 3}
      propertyPath: m_LocalScale.z
      value: 0.7
      objectReference: {fileID: 0}
    - target: {fileID: 4034141082989358, guid: 665af55b1d3a28b4681e473b8044c865, type: 3}
      propertyPath: m_LocalPosition.x
      value: 0
      objectReference: {fileID: 0}
    - target: {fileID: 4034141082989358, guid: 665af55b1d3a28b4681e473b8044c865, type: 3}
      propertyPath: m_LocalPosition.y
      value: 0
      objectReference: {fileID: 0}
    - target: {fileID: 4034141082989358, guid: 665af55b1d3a28b4681e473b8044c865, type: 3}
      propertyPath: m_LocalPosition.z
      value: 0
      objectReference: {fileID: 0}
    - target: {fileID: 4034141082989358, guid: 665af55b1d3a28b4681e473b8044c865, type: 3}
      propertyPath: m_LocalRotation.w
      value: 1
      objectReference: {fileID: 0}
    - target: {fileID: 4034141082989358, guid: 665af55b1d3a28b4681e473b8044c865, type: 3}
      propertyPath: m_LocalRotation.x
      value: -0
      objectReference: {fileID: 0}
    - target: {fileID: 4034141082989358, guid: 665af55b1d3a28b4681e473b8044c865, type: 3}
      propertyPath: m_LocalRotation.y
      value: -0
      objectReference: {fileID: 0}
    - target: {fileID: 4034141082989358, guid: 665af55b1d3a28b4681e473b8044c865, type: 3}
      propertyPath: m_LocalRotation.z
      value: -0
      objectReference: {fileID: 0}
    - target: {fileID: 4034141082989358, guid: 665af55b1d3a28b4681e473b8044c865, type: 3}
      propertyPath: m_LocalEulerAnglesHint.x
      value: 0
      objectReference: {fileID: 0}
    - target: {fileID: 4034141082989358, guid: 665af55b1d3a28b4681e473b8044c865, type: 3}
      propertyPath: m_LocalEulerAnglesHint.y
      value: 0
      objectReference: {fileID: 0}
    - target: {fileID: 4034141082989358, guid: 665af55b1d3a28b4681e473b8044c865, type: 3}
      propertyPath: m_LocalEulerAnglesHint.z
      value: 0
      objectReference: {fileID: 0}
    - target: {fileID: 23674805697624168, guid: 665af55b1d3a28b4681e473b8044c865,
        type: 3}
      propertyPath: m_Materials.Array.data[0]
      value: 
      objectReference: {fileID: 2100000, guid: 22d5c82f1f0e8da4d95696acbe6103a0, type: 2}
    m_RemovedComponents:
    - {fileID: 65207787214497374, guid: 665af55b1d3a28b4681e473b8044c865, type: 3}
  m_SourcePrefab: {fileID: 100100000, guid: 665af55b1d3a28b4681e473b8044c865, type: 3}
--- !u!4 &232372147327777132 stripped
Transform:
  m_CorrespondingSourceObject: {fileID: 4034141082989358, guid: 665af55b1d3a28b4681e473b8044c865,
    type: 3}
  m_PrefabInstance: {fileID: 231891653933337154}
  m_PrefabAsset: {fileID: 0}
--- !u!1 &230875840623354844 stripped
GameObject:
  m_CorrespondingSourceObject: {fileID: 1095532751628702, guid: 665af55b1d3a28b4681e473b8044c865,
    type: 3}
  m_PrefabInstance: {fileID: 231891653933337154}
  m_PrefabAsset: {fileID: 0}
