%YAML 1.1
%TAG !u! tag:unity3d.com,2011:
--- !u!1 &3653875640419977583
GameObject:
  m_ObjectHideFlags: 0
  m_CorrespondingSourceObject: {fileID: 0}
  m_PrefabInstance: {fileID: 0}
  m_PrefabAsset: {fileID: 0}
  serializedVersion: 6
  m_Component:
  - component: {fileID: 5137952504636944324}
  - component: {fileID: 345401086413722334}
  m_Layer: 0
  m_Name: Cube
  m_TagString: Untagged
  m_Icon: {fileID: 0}
  m_NavMeshLayer: 0
  m_StaticEditorFlags: 0
  m_IsActive: 1
--- !u!4 &5137952504636944324
Transform:
  m_ObjectHideFlags: 0
  m_CorrespondingSourceObject: {fileID: 0}
  m_PrefabInstance: {fileID: 0}
  m_PrefabAsset: {fileID: 0}
  m_GameObject: {fileID: 3653875640419977583}
  m_LocalRotation: {x: 0, y: 0, z: 0, w: 1}
  m_LocalPosition: {x: 0, y: 9.86, z: 0}
  m_LocalScale: {x: 7.6368, y: 23.046976, z: 7.6368}
  m_Children: []
  m_Father: {fileID: 3559353012229924703}
  m_RootOrder: 3
  m_LocalEulerAnglesHint: {x: 0, y: 0, z: 0}
--- !u!65 &345401086413722334
BoxCollider:
  m_ObjectHideFlags: 0
  m_CorrespondingSourceObject: {fileID: 0}
  m_PrefabInstance: {fileID: 0}
  m_PrefabAsset: {fileID: 0}
  m_GameObject: {fileID: 3653875640419977583}
  m_Material: {fileID: 0}
  m_IsTrigger: 0
  m_Enabled: 1
  serializedVersion: 2
  m_Size: {x: 0.9999999, y: 0.9999999, z: 0.9999999}
  m_Center: {x: -0.000007629394, y: 0, z: 0.0000019073485}
--- !u!1 &6012835345739485511
GameObject:
  m_ObjectHideFlags: 0
  m_CorrespondingSourceObject: {fileID: 0}
  m_PrefabInstance: {fileID: 0}
  m_PrefabAsset: {fileID: 0}
  serializedVersion: 6
  m_Component:
  - component: {fileID: 3559353012229924703}
  - component: {fileID: 3657616269086457997}
  - component: {fileID: 6531299149822075162}
  - component: {fileID: 7236797299153638383}
  m_Layer: 0
  m_Name: b_11
  m_TagString: Untagged
  m_Icon: {fileID: 0}
  m_NavMeshLayer: 0
  m_StaticEditorFlags: 0
  m_IsActive: 1
--- !u!4 &3559353012229924703
Transform:
  m_ObjectHideFlags: 0
  m_CorrespondingSourceObject: {fileID: 0}
  m_PrefabInstance: {fileID: 0}
  m_PrefabAsset: {fileID: 0}
  m_GameObject: {fileID: 6012835345739485511}
  m_LocalRotation: {x: 0, y: 0, z: 0, w: 1}
  m_LocalPosition: {x: -75.2, y: 0, z: 31.3}
  m_LocalScale: {x: 1.2, y: 1.2, z: 1.2}
  m_Children:
  - {fileID: 122500806670507703}
  - {fileID: 5435612855747728916}
  - {fileID: 407343117404867851}
  - {fileID: 5137952504636944324}
  m_Father: {fileID: 0}
  m_RootOrder: 0
  m_LocalEulerAnglesHint: {x: 0, y: 0, z: 0}
--- !u!114 &3657616269086457997
MonoBehaviour:
  m_ObjectHideFlags: 0
  m_CorrespondingSourceObject: {fileID: 0}
  m_PrefabInstance: {fileID: 0}
  m_PrefabAsset: {fileID: 0}
  m_GameObject: {fileID: 6012835345739485511}
  m_Enabled: 1
  m_EditorHideFlags: 0
  m_Script: {fileID: 11500000, guid: e38da9520a8b99e49a5ae5da63ebd475, type: 3}
  m_Name: 
  m_EditorClassIdentifier: 
  type: 0
  weaponsFireDelay: 5
  weapons: []
  isFocused:
    m_PersistentCalls:
      m_Calls: []
--- !u!114 &6531299149822075162
MonoBehaviour:
  m_ObjectHideFlags: 0
  m_CorrespondingSourceObject: {fileID: 0}
  m_PrefabInstance: {fileID: 0}
  m_PrefabAsset: {fileID: 0}
  m_GameObject: {fileID: 6012835345739485511}
  m_Enabled: 1
  m_EditorHideFlags: 0
  m_Script: {fileID: 11500000, guid: 8d1600e3c1903fc47b28717f0a363c8b, type: 3}
  m_Name: 
  m_EditorClassIdentifier: 
  team: 1
  maxHealth: 0
  health: 20
  fireArea: {fileID: 2053407455588628154}
  indicatorOffset: {x: 0, y: 5, z: 0}
  indicatorPrefab: {fileID: 650795731111978186, guid: 9bdc57938e75a264e957148ee46a4c92,
    type: 3}
  onDeath:
    m_PersistentCalls:
      m_Calls:
      - m_Target: {fileID: 2992162514966796492}
        m_TargetAssemblyTypeName: UnityEngine.GameObject, UnityEngine
        m_MethodName: SetActive
        m_Mode: 6
        m_Arguments:
          m_ObjectArgument: {fileID: 0}
          m_ObjectArgumentAssemblyTypeName: UnityEngine.Object, UnityEngine
          m_IntArgument: 0
          m_FloatArgument: 0
          m_StringArgument: 
          m_BoolArgument: 1
        m_CallState: 2
  onDamaged:
    m_PersistentCalls:
      m_Calls: []
--- !u!54 &7236797299153638383
Rigidbody:
  m_ObjectHideFlags: 0
  m_CorrespondingSourceObject: {fileID: 0}
  m_PrefabInstance: {fileID: 0}
  m_PrefabAsset: {fileID: 0}
  m_GameObject: {fileID: 6012835345739485511}
  serializedVersion: 2
  m_Mass: 1
  m_Drag: 0
  m_AngularDrag: 0.05
  m_UseGravity: 0
  m_IsKinematic: 1
  m_Interpolate: 0
  m_Constraints: 0
  m_CollisionDetection: 0
--- !u!1001 &681269146637465143
PrefabInstance:
  m_ObjectHideFlags: 0
  serializedVersion: 2
  m_Modification:
    m_TransformParent: {fileID: 3559353012229924703}
    m_Modifications:
    - target: {fileID: 632596834988664960, guid: 132255ede8167bd41ba7c09ee78abec6,
        type: 3}
      propertyPath: m_RootOrder
      value: 0
      objectReference: {fileID: 0}
    - target: {fileID: 632596834988664960, guid: 132255ede8167bd41ba7c09ee78abec6,
        type: 3}
      propertyPath: m_LocalPosition.y
      value: 2.41
      objectReference: {fileID: 0}
    - target: {fileID: 632596834988664960, guid: 132255ede8167bd41ba7c09ee78abec6,
        type: 3}
      propertyPath: m_LocalRotation.x
      value: -0
      objectReference: {fileID: 0}
    - target: {fileID: 632596834988664960, guid: 132255ede8167bd41ba7c09ee78abec6,
        type: 3}
      propertyPath: m_LocalRotation.y
      value: -0
      objectReference: {fileID: 0}
    - target: {fileID: 632596834988664960, guid: 132255ede8167bd41ba7c09ee78abec6,
        type: 3}
      propertyPath: m_LocalRotation.z
      value: -0
      objectReference: {fileID: 0}
    - target: {fileID: 1516430624984776845, guid: 132255ede8167bd41ba7c09ee78abec6,
        type: 3}
      propertyPath: m_Radius
      value: 16.5
      objectReference: {fileID: 0}
    m_RemovedComponents: []
  m_SourcePrefab: {fileID: 100100000, guid: 132255ede8167bd41ba7c09ee78abec6, type: 3}
--- !u!4 &122500806670507703 stripped
Transform:
  m_CorrespondingSourceObject: {fileID: 632596834988664960, guid: 132255ede8167bd41ba7c09ee78abec6,
    type: 3}
  m_PrefabInstance: {fileID: 681269146637465143}
  m_PrefabAsset: {fileID: 0}
--- !u!135 &2053407455588628154 stripped
SphereCollider:
  m_CorrespondingSourceObject: {fileID: 1516430624984776845, guid: 132255ede8167bd41ba7c09ee78abec6,
    type: 3}
  m_PrefabInstance: {fileID: 681269146637465143}
  m_PrefabAsset: {fileID: 0}
--- !u!1001 &2938891538669300633
PrefabInstance:
  m_ObjectHideFlags: 0
  serializedVersion: 2
  m_Modification:
    m_TransformParent: {fileID: 3559353012229924703}
    m_Modifications:
    - target: {fileID: 7180469946083392909, guid: 948e7c5460cbd594b8b8db7075856ec0,
        type: 3}
      propertyPath: m_RootOrder
      value: 1
      objectReference: {fileID: 0}
    - target: {fileID: 7180469946083392909, guid: 948e7c5460cbd594b8b8db7075856ec0,
        type: 3}
      propertyPath: m_LocalPosition.x
      value: -17.1
      objectReference: {fileID: 0}
    - target: {fileID: 7180469946083392909, guid: 948e7c5460cbd594b8b8db7075856ec0,
        type: 3}
      propertyPath: m_LocalPosition.y
      value: 2.28
      objectReference: {fileID: 0}
    m_RemovedComponents: []
  m_SourcePrefab: {fileID: 100100000, guid: 948e7c5460cbd594b8b8db7075856ec0, type: 3}
--- !u!1 &2992162514966796492 stripped
GameObject:
  m_CorrespondingSourceObject: {fileID: 94366396483187541, guid: 948e7c5460cbd594b8b8db7075856ec0,
    type: 3}
  m_PrefabInstance: {fileID: 2938891538669300633}
  m_PrefabAsset: {fileID: 0}
--- !u!4 &5435612855747728916 stripped
Transform:
  m_CorrespondingSourceObject: {fileID: 7180469946083392909, guid: 948e7c5460cbd594b8b8db7075856ec0,
    type: 3}
  m_PrefabInstance: {fileID: 2938891538669300633}
  m_PrefabAsset: {fileID: 0}
--- !u!1001 &9038030064718736919
PrefabInstance:
  m_ObjectHideFlags: 0
  serializedVersion: 2
  m_Modification:
    m_TransformParent: {fileID: 3559353012229924703}
    m_Modifications:
    - target: {fileID: 5661585231511326991, guid: 090d280c6e8ee4f45a57b32bf41e1d87,
        type: 3}
      propertyPath: m_Name
      value: Satellite Dish
      objectReference: {fileID: 0}
    - target: {fileID: 8703949675956429596, guid: 090d280c6e8ee4f45a57b32bf41e1d87,
        type: 3}
      propertyPath: m_RootOrder
      value: 2
      objectReference: {fileID: 0}
    - target: {fileID: 8703949675956429596, guid: 090d280c6e8ee4f45a57b32bf41e1d87,
        type: 3}
      propertyPath: m_LocalPosition.x
      value: 0
      objectReference: {fileID: 0}
    - target: {fileID: 8703949675956429596, guid: 090d280c6e8ee4f45a57b32bf41e1d87,
        type: 3}
      propertyPath: m_LocalPosition.y
      value: 0
      objectReference: {fileID: 0}
    - target: {fileID: 8703949675956429596, guid: 090d280c6e8ee4f45a57b32bf41e1d87,
        type: 3}
      propertyPath: m_LocalPosition.z
      value: 0
      objectReference: {fileID: 0}
    - target: {fileID: 8703949675956429596, guid: 090d280c6e8ee4f45a57b32bf41e1d87,
        type: 3}
      propertyPath: m_LocalRotation.w
      value: 1
      objectReference: {fileID: 0}
    - target: {fileID: 8703949675956429596, guid: 090d280c6e8ee4f45a57b32bf41e1d87,
        type: 3}
      propertyPath: m_LocalRotation.x
      value: 0
      objectReference: {fileID: 0}
    - target: {fileID: 8703949675956429596, guid: 090d280c6e8ee4f45a57b32bf41e1d87,
        type: 3}
      propertyPath: m_LocalRotation.y
      value: -0
      objectReference: {fileID: 0}
    - target: {fileID: 8703949675956429596, guid: 090d280c6e8ee4f45a57b32bf41e1d87,
        type: 3}
      propertyPath: m_LocalRotation.z
      value: -0
      objectReference: {fileID: 0}
    - target: {fileID: 8703949675956429596, guid: 090d280c6e8ee4f45a57b32bf41e1d87,
        type: 3}
      propertyPath: m_LocalEulerAnglesHint.x
      value: 0
      objectReference: {fileID: 0}
    - target: {fileID: 8703949675956429596, guid: 090d280c6e8ee4f45a57b32bf41e1d87,
        type: 3}
      propertyPath: m_LocalEulerAnglesHint.y
      value: 0
      objectReference: {fileID: 0}
    - target: {fileID: 8703949675956429596, guid: 090d280c6e8ee4f45a57b32bf41e1d87,
        type: 3}
      propertyPath: m_LocalEulerAnglesHint.z
      value: 0
      objectReference: {fileID: 0}
    m_RemovedComponents: []
  m_SourcePrefab: {fileID: 100100000, guid: 090d280c6e8ee4f45a57b32bf41e1d87, type: 3}
--- !u!4 &407343117404867851 stripped
Transform:
  m_CorrespondingSourceObject: {fileID: 8703949675956429596, guid: 090d280c6e8ee4f45a57b32bf41e1d87,
    type: 3}
  m_PrefabInstance: {fileID: 9038030064718736919}
  m_PrefabAsset: {fileID: 0}
