%YAML 1.1
%TAG !u! tag:unity3d.com,2011:
--- !u!1 &6012835345739485511
GameObject:
  m_ObjectHideFlags: 0
  m_CorrespondingSourceObject: {fileID: 0}
  m_PrefabInstance: {fileID: 0}
  m_PrefabAsset: {fileID: 0}
  serializedVersion: 6
  m_Component:
  - component: {fileID: 3559353012229924703}
  - component: {fileID: 3657616269086457997}
  - component: {fileID: 6531299149822075162}
  - component: {fileID: 7236797299153638383}
  m_Layer: 0
  m_Name: b_8
  m_TagString: Untagged
  m_Icon: {fileID: 0}
  m_NavMeshLayer: 0
  m_StaticEditorFlags: 0
  m_IsActive: 1
--- !u!4 &3559353012229924703
Transform:
  m_ObjectHideFlags: 0
  m_CorrespondingSourceObject: {fileID: 0}
  m_PrefabInstance: {fileID: 0}
  m_PrefabAsset: {fileID: 0}
  m_GameObject: {fileID: 6012835345739485511}
  m_LocalRotation: {x: 0, y: 0, z: 0, w: 1}
  m_LocalPosition: {x: -75.2, y: 0, z: 31.3}
  m_LocalScale: {x: 1.2, y: 1.2, z: 1.2}
  m_Children:
  - {fileID: 7805267539111565892}
  - {fileID: 6337868781966618625}
  - {fileID: 6054794017431830541}
  m_Father: {fileID: 0}
  m_RootOrder: 0
  m_LocalEulerAnglesHint: {x: 0, y: 0, z: 0}
--- !u!114 &3657616269086457997
MonoBehaviour:
  m_ObjectHideFlags: 0
  m_CorrespondingSourceObject: {fileID: 0}
  m_PrefabInstance: {fileID: 0}
  m_PrefabAsset: {fileID: 0}
  m_GameObject: {fileID: 6012835345739485511}
  m_Enabled: 1
  m_EditorHideFlags: 0
  m_Script: {fileID: 11500000, guid: e38da9520a8b99e49a5ae5da63ebd475, type: 3}
  m_Name: 
  m_EditorClassIdentifier: 
  type: 0
  weaponsFireDelay: 5
  weapons: []
  isFocused:
    m_PersistentCalls:
      m_Calls: []
--- !u!114 &6531299149822075162
MonoBehaviour:
  m_ObjectHideFlags: 0
  m_CorrespondingSourceObject: {fileID: 0}
  m_PrefabInstance: {fileID: 0}
  m_PrefabAsset: {fileID: 0}
  m_GameObject: {fileID: 6012835345739485511}
  m_Enabled: 1
  m_EditorHideFlags: 0
  m_Script: {fileID: 11500000, guid: 8d1600e3c1903fc47b28717f0a363c8b, type: 3}
  m_Name: 
  m_EditorClassIdentifier: 
  team: 1
  maxHealth: 0
  health: 20
  fireArea: {fileID: 5348232321665112076}
  indicatorOffset: {x: 0, y: 15, z: 0}
  indicatorPrefab: {fileID: 650795731111978186, guid: 9bdc57938e75a264e957148ee46a4c92,
    type: 3}
  onDeath:
    m_PersistentCalls:
      m_Calls:
      - m_Target: {fileID: 3958547489205341909}
        m_TargetAssemblyTypeName: UnityEngine.GameObject, UnityEngine
        m_MethodName: SetActive
        m_Mode: 6
        m_Arguments:
          m_ObjectArgument: {fileID: 0}
          m_ObjectArgumentAssemblyTypeName: UnityEngine.Object, UnityEngine
          m_IntArgument: 0
          m_FloatArgument: 0
          m_StringArgument: 
          m_BoolArgument: 1
        m_CallState: 2
  onDamaged:
    m_PersistentCalls:
      m_Calls: []
--- !u!54 &7236797299153638383
Rigidbody:
  m_ObjectHideFlags: 0
  m_CorrespondingSourceObject: {fileID: 0}
  m_PrefabInstance: {fileID: 0}
  m_PrefabAsset: {fileID: 0}
  m_GameObject: {fileID: 6012835345739485511}
  serializedVersion: 2
  m_Mass: 1
  m_Drag: 0
  m_AngularDrag: 0.05
  m_UseGravity: 0
  m_IsKinematic: 1
  m_Interpolate: 0
  m_Constraints: 0
  m_CollisionDetection: 0
--- !u!1001 &4008437087174163840
PrefabInstance:
  m_ObjectHideFlags: 0
  serializedVersion: 2
  m_Modification:
    m_TransformParent: {fileID: 3559353012229924703}
    m_Modifications:
    - target: {fileID: 7180469946083392909, guid: 948e7c5460cbd594b8b8db7075856ec0,
        type: 3}
      propertyPath: m_RootOrder
      value: 2
      objectReference: {fileID: 0}
    - target: {fileID: 7180469946083392909, guid: 948e7c5460cbd594b8b8db7075856ec0,
        type: 3}
      propertyPath: m_LocalPosition.x
      value: 14.6
      objectReference: {fileID: 0}
    - target: {fileID: 7180469946083392909, guid: 948e7c5460cbd594b8b8db7075856ec0,
        type: 3}
      propertyPath: m_LocalPosition.y
      value: 9.58
      objectReference: {fileID: 0}
    - target: {fileID: 7180469946083392909, guid: 948e7c5460cbd594b8b8db7075856ec0,
        type: 3}
      propertyPath: m_LocalPosition.z
      value: -2.07
      objectReference: {fileID: 0}
    m_RemovedComponents: []
  m_SourcePrefab: {fileID: 100100000, guid: 948e7c5460cbd594b8b8db7075856ec0, type: 3}
--- !u!1 &3958547489205341909 stripped
GameObject:
  m_CorrespondingSourceObject: {fileID: 94366396483187541, guid: 948e7c5460cbd594b8b8db7075856ec0,
    type: 3}
  m_PrefabInstance: {fileID: 4008437087174163840}
  m_PrefabAsset: {fileID: 0}
--- !u!4 &6054794017431830541 stripped
Transform:
  m_CorrespondingSourceObject: {fileID: 7180469946083392909, guid: 948e7c5460cbd594b8b8db7075856ec0,
    type: 3}
  m_PrefabInstance: {fileID: 4008437087174163840}
  m_PrefabAsset: {fileID: 0}
--- !u!1001 &6860052519639406721
PrefabInstance:
  m_ObjectHideFlags: 0
  serializedVersion: 2
  m_Modification:
    m_TransformParent: {fileID: 3559353012229924703}
    m_Modifications:
    - target: {fileID: 632596834988664960, guid: 132255ede8167bd41ba7c09ee78abec6,
        type: 3}
      propertyPath: m_RootOrder
      value: 1
      objectReference: {fileID: 0}
    - target: {fileID: 632596834988664960, guid: 132255ede8167bd41ba7c09ee78abec6,
        type: 3}
      propertyPath: m_LocalPosition.x
      value: 11.85
      objectReference: {fileID: 0}
    - target: {fileID: 632596834988664960, guid: 132255ede8167bd41ba7c09ee78abec6,
        type: 3}
      propertyPath: m_LocalPosition.y
      value: 2.41
      objectReference: {fileID: 0}
    - target: {fileID: 632596834988664960, guid: 132255ede8167bd41ba7c09ee78abec6,
        type: 3}
      propertyPath: m_LocalPosition.z
      value: 4.16
      objectReference: {fileID: 0}
    - target: {fileID: 632596834988664960, guid: 132255ede8167bd41ba7c09ee78abec6,
        type: 3}
      propertyPath: m_LocalRotation.x
      value: -0
      objectReference: {fileID: 0}
    - target: {fileID: 632596834988664960, guid: 132255ede8167bd41ba7c09ee78abec6,
        type: 3}
      propertyPath: m_LocalRotation.y
      value: -0
      objectReference: {fileID: 0}
    - target: {fileID: 632596834988664960, guid: 132255ede8167bd41ba7c09ee78abec6,
        type: 3}
      propertyPath: m_LocalRotation.z
      value: -0
      objectReference: {fileID: 0}
    m_RemovedComponents: []
  m_SourcePrefab: {fileID: 100100000, guid: 132255ede8167bd41ba7c09ee78abec6, type: 3}
--- !u!4 &6337868781966618625 stripped
Transform:
  m_CorrespondingSourceObject: {fileID: 632596834988664960, guid: 132255ede8167bd41ba7c09ee78abec6,
    type: 3}
  m_PrefabInstance: {fileID: 6860052519639406721}
  m_PrefabAsset: {fileID: 0}
--- !u!135 &5348232321665112076 stripped
SphereCollider:
  m_CorrespondingSourceObject: {fileID: 1516430624984776845, guid: 132255ede8167bd41ba7c09ee78abec6,
    type: 3}
  m_PrefabInstance: {fileID: 6860052519639406721}
  m_PrefabAsset: {fileID: 0}
--- !u!1001 &7805267539111952580
PrefabInstance:
  m_ObjectHideFlags: 0
  serializedVersion: 2
  m_Modification:
    m_TransformParent: {fileID: 3559353012229924703}
    m_Modifications:
    - target: {fileID: 100000, guid: 256d6808b37e66d4f8f65d37dae8d6bd, type: 3}
      propertyPath: m_Name
      value: Base [Tower06]
      objectReference: {fileID: 0}
    - target: {fileID: 400000, guid: 256d6808b37e66d4f8f65d37dae8d6bd, type: 3}
      propertyPath: m_RootOrder
      value: 0
      objectReference: {fileID: 0}
    - target: {fileID: 400000, guid: 256d6808b37e66d4f8f65d37dae8d6bd, type: 3}
      propertyPath: m_LocalPosition.x
      value: 0
      objectReference: {fileID: 0}
    - target: {fileID: 400000, guid: 256d6808b37e66d4f8f65d37dae8d6bd, type: 3}
      propertyPath: m_LocalPosition.y
      value: 0
      objectReference: {fileID: 0}
    - target: {fileID: 400000, guid: 256d6808b37e66d4f8f65d37dae8d6bd, type: 3}
      propertyPath: m_LocalPosition.z
      value: 0
      objectReference: {fileID: 0}
    - target: {fileID: 400000, guid: 256d6808b37e66d4f8f65d37dae8d6bd, type: 3}
      propertyPath: m_LocalRotation.w
      value: 0.7071068
      objectReference: {fileID: 0}
    - target: {fileID: 400000, guid: 256d6808b37e66d4f8f65d37dae8d6bd, type: 3}
      propertyPath: m_LocalRotation.x
      value: -0.7071068
      objectReference: {fileID: 0}
    - target: {fileID: 400000, guid: 256d6808b37e66d4f8f65d37dae8d6bd, type: 3}
      propertyPath: m_LocalRotation.y
      value: 0
      objectReference: {fileID: 0}
    - target: {fileID: 400000, guid: 256d6808b37e66d4f8f65d37dae8d6bd, type: 3}
      propertyPath: m_LocalRotation.z
      value: 0
      objectReference: {fileID: 0}
    - target: {fileID: 400000, guid: 256d6808b37e66d4f8f65d37dae8d6bd, type: 3}
      propertyPath: m_LocalEulerAnglesHint.x
      value: 0
      objectReference: {fileID: 0}
    - target: {fileID: 400000, guid: 256d6808b37e66d4f8f65d37dae8d6bd, type: 3}
      propertyPath: m_LocalEulerAnglesHint.y
      value: 0
      objectReference: {fileID: 0}
    - target: {fileID: 400000, guid: 256d6808b37e66d4f8f65d37dae8d6bd, type: 3}
      propertyPath: m_LocalEulerAnglesHint.z
      value: 0
      objectReference: {fileID: 0}
    m_RemovedComponents: []
  m_SourcePrefab: {fileID: 100100000, guid: 256d6808b37e66d4f8f65d37dae8d6bd, type: 3}
--- !u!4 &7805267539111565892 stripped
Transform:
  m_CorrespondingSourceObject: {fileID: 400000, guid: 256d6808b37e66d4f8f65d37dae8d6bd,
    type: 3}
  m_PrefabInstance: {fileID: 7805267539111952580}
  m_PrefabAsset: {fileID: 0}
